2824 4778
343 363 560 456 encrat.
588 387 703 456 scr.
732 389 777 472 V,
799 389 870 454 sc.
892 389 940 454 11.
1109 410 1177 480 217

110 523 265 591 Profecto
284 521 319 588 in
332 521 396 590 hac
412 546 448 591 re
462 520 508 590 nil
524 520 602 591 mali
617 537 685 610 est,
704 521 794 616 quod
813 523 854 590 sit
874 519 1013 588 discidio
1031 519 1177 614 dignum.

110 632 172 699 Pa.
187 627 298 708 Velim
314 627 445 721 quidem
458 626 579 696 hercle.
594 631 659 698 Ls.
678 629 843 722 Exquire:
859 625 952 694 :idest
965 651 973 693 :
996 627 1086 718 quod
1100 629 1177 696 satis

272 734 330 819 sit,
350 732 448 802 faciet
466 735 549 827 ipsa.

111 842 175 909 Pa.
189 838 287 929 Quid
305 837 352 908 ml
368 839 457 908 istaec
474 837 614 909 narras?
634 863 691 925 an,
709 841 786 936 quia
800 863 868 908 non
882 852 952 906 tute
969 839 1038 932 ipse
1053 838 1179 908 dudum

254 944 408 1032 audisti,
1142 969 1179 1020 7⁸⁵

112 1055 165 1122 De
184 1051 249 1120 hac
270 1077 305 1119 re
327 1051 457 1121 animus
472 1048 566 1122 meus
583 1065 621 1120 ut
637 1053 699 1140 sit,
720 1048 871 1120 Laches?
891 1047 953 1118 illis
969 1049 1070 1118 modo
1084 1049 1179 1145 exple

148 1195 152 1212 ·
219 1175 223 1186 ¹
273 1181 430 1226 animum.

112 1267 176 1332 La.
200 1264 322 1352 Quaeso
336 1262 484 1358 aedepol,
504 1264 657 1348 Bacchis,
677 1261 863 1356 mihiquod
877 1262 912 1329 es
926 1259 1089 1355 pollicita,
1110 1277 1181 1332 tute

272 1383 310 1438 ut
331 1394 451 1438 serves.

113 1479 195 1545 Bnc.
219 1475 273 1543 Ob
288 1467 360 1542 earn
374 1501 446 1544 rem
459 1477 526 1543 vin’
538 1501 619 1570 ergo
630 1471 817 1544 introeam?
834 1477 898 1543 Ln.
918 1479 954 1560 1,
972 1489 1071 1568 atque
1085 1473 1180 1568 exple

272 1582 310 1650 iis
325 1581 488 1662 animum,
510 1596 549 1650 ut
567 1583 714 1651 credant.

114 1692 195 1758 Bac.
208 1691 279 1771 Εο,
299 1689 359 1755 etsi
375 1689 443 1757 scio
459 1687 514 1782 pol
525 1689 578 1757 his
594 1713 705 1757 meum
720 1687 792 1758 fore
806 1699 1021 1780 conspectum
1038 1685 1180 1754 invisum

97 1875 98 1882 ἵ
272 1793 392 1862 hodie:

113 1901 202 1968 Nam
212 1915 318 1994 nupta
328 1901 493 1970 meretrici
507 1902 680 1986 hostisest,
694 1925 714 1968 a
727 1900 799 1967 viro
809 1897 867 1965 ubi
882 1911 1052 1992 segregata
1064 1911 1122 1966 est.
1141 1926 1182 1966 7⁹0

114 2008 179 2074 La.
207 2007 252 2074 At
272 2006 324 2076 hae
348 2009 463 2077 amicae
488 2022 607 2096 erunt,
632 2006 711 2094 ubi,
742 2005 959 2099 quamobrem
988 2003 1185 2088 adveneris,

272 2114 461 2182 resciscent.

115 2217 176 2284 Pa.
185 2217 229 2284 At
240 2218 371 2286 easdem
385 2220 508 2289 amicas
516 2219 588 2288 fore
597 2219 658 2287 tibi
670 2218 841 2312 promitto,
849 2241 919 2284 rem
929 2215 987 2284 ubi
998 2216 1183 2310 cognorint.

117 2397 163 2440 ter.
178 2376 380 2442 -1dteve''sr.
401 2389 463 2444 Non
475 2408 556 2461 grave
569 2389 630 2444 deli·
672 2419 707 2430 -
722 2391 794 2452 Illis,
810 2389 885 2459 quasi
903 2387 990 2449 dicat,
1006 2375 1074 2458 quae¹
1089 2406 1187 2440 amarae

117 2477 188 2518 ctum
203 2479 251 2520 est.
610 2486 612 2496 ·
673 2481 735 2520 sunt
751 2480 776 2520 et
786 2469 908 2520 molestae.
917 2497 953 2506 -
963 2471 1043 2535 Exple
1055 2471 1130 2518 anim.
1146 2487 1181 2518 sc.

150 2547 212 2615 783.
224 2549 344 2600 Dimidio.
356 2547 408 2600 Alii
415 2551 502 2600 dissid.
513 2567 562 2618 pro
568 2550 628 2600 disc.
673 2547 730 2600 brec
742 2544 938 2616 persuadendo.

117 2655 150 2666 -
161 2629 194 2674 In
214 2627 262 2675 hae
281 2634 328 2688 re.
341 2625 370 2676 in
388 2626 438 2678 hac
454 2637 546 2698 partus
561 2625 630 2677 cela·
710 2628 770 2696 787.
786 2629 858 2691 Quod
869 2644 894 2674 es
911 2628 971 2690 poll.
984 2623 1001 2674 i.
1012 2642 1037 2675 e.
1048 2626 1183 2696 jusjuran-

117 2703 195 2756 tione.
508 2736 511 2746 ν
629 2714 631 2720 ’
674 2704 739 2756 dum
755 2703 828 2773 apud
843 2703 975 2755 mulieres.
1110 2705 1113 2710 '

151 2785 212 2853 784.
222 2787 306 2836 Faciet
317 2788 380 2852 ,ι’ρεα.
394 2784 454 2836 Lib.
470 2783 554 2854 antiq.
568 2781 630 2834 add.
710 2785 770 2853 788.
791 2785 857 2834 Vin'.
875 2782 934 2834 Lib.
948 2780 1048 2852 antiqui
1061 2781 1185 2833 exhibent

117 2861 162 2914 ΒΔ.
168 2867 280 2915 Faciam.
291 2867 325 2916 At
333 2876 388 2916 not.
400 2864 448 2915 Fa.
461 2888 473 2908 κ
482 2864 514 2914 In
525 2873 632 2916 contex·
675 2865 730 2926 vis,
745 2863 801 2914 sine
815 2861 1032 2932 interrogatione.

118 2953 145 2992 tu
157 2941 219 2993 libri
231 2943 323 2995 Bemb.
332 2961 386 2995 non
400 2956 439 2996 est
449 2943 501 2994 hoc
511 2939 629 3012 respons.
710 2961 772 3012 79⁰·
787 2947 853 2992 Nam
866 2955 941 3008 napta
950 2982 957 3006 ,
967 2953 1015 2993 etc.
1027 2939 1084 2992 Hoc
1098 2953 1145 3006 est,
1158 2941 1185 2992 in

117 3019 272 3086 bacchidis,
294 3021 339 3074 sed
358 3023 418 3074 loco
436 3023 491 3091 ejus
506 3039 628 3092 pronora.
674 3035 768 3074 mutua
777 3021 867 3074 mariti
875 3021 995 3074 etuxoris
1003 3021 1187 3074 societatenon

118 3101 175 3166 ι’ρεο.
191 3103 322 3151 --Vetim
331 3103 398 3168 quid.
412 3103 497 3151 hercle.
517 3099 553 3150 Ut
562 3097 630 3150 nibil
675 3113 713 3153 est
725 3102 792 3152 mala
804 3099 987 3170 suspicio;sed
996 3101 1024 3150 in
1035 3119 1127 3151 eorum
1137 3099 1188 3152 dis·
1263 3103 1267 3112 '

117 3178 148 3229 sit
160 3177 275 3248 dignum
287 3197 295 3229 t
305 3178 357 3230 hoc
370 3191 423 3241 est,
434 3194 489 3230 non
503 3194 629 3248 peccave·
674 3181 792 3234 cessione
809 3191 854 3232 aut
868 3178 924 3229 haec
937 3179 1072 3243 meretrix,
1084 3191 1129 3229 aut
1144 3179 1189 3229 ille

118 3256 318 3326 ritPamphilus.
331 3287 367 3298 -
376 3260 497 3324 Exquire.
509 3255 634 3308 Subaud:
660 3275 663 3284 ’
675 3259 778 3312 adulter
789 3258 933 3330 judicatur.
949 3263 1027 3323 Eugr.

119 3355 133 3388 a
146 3335 290 3408 Bacchide.
302 3367 337 3376 -
351 3341 425 3404 Quod
435 3339 496 3388 satir
507 3340 546 3390 sit.
563 3335 627 3388 Sub.
710 3357 770 3410 791.
778 3345 832 3404 He,
839 3329 976 3406 Myrrhina
987 3347 1013 3387 et
1022 3334 1188 3393 Philumena,

118 3415 150 3468 ad
161 3415 359 3485 purgationem.
437 3428 438 3432 ’
675 3414 938 3480 -Amicoe‚tibi.-
953 3416 1115 3482 Quamobrem
1127 3419 1186 3466 adv.

152 3493 216 3564 785.
231 3497 298 3559 Quid
308 3495 346 3545 mr*
359 3497 397 3548 ist.
413 3515 502 3547 narrar
512 3504 526 3545 ι’
537 3496 632 3567 Repre-
679 3495 815 3548 Videlicet
824 3507 853 3547 ut
868 3511 924 3546 rem
942 3493 1099 3566 impeditam
1110 3513 1191 3564 expe·

118 3573 211 3626 hensio
221 3586 274 3634 est,
294 3574 370 3644 quasi
382 3573 524 3642 longorum
541 3569 635 3626 verbo·
679 3575 745 3628 dias.
763 3583 768 3596 ¹

119 3671 176 3704 rum
190 3652 321 3705 Lachetis.
335 3659 474 3706 Dorrat.--
490 3659 548 3718 Are,
561 3656 635 3720 quia,
682 3645 685 3655 ἱ
715 3672 775 3725 79²·
789 3656 929 3722 Cognorint.
939 3653 999 3704 Lib.
1007 3663 1060 3704 ant.
1074 3671 1190 3719 cognove-

121 3733 193 3802 exple
202 3770 210 3796 ,
220 3753 254 3783 an
266 3751 368 3792 narras,
381 3737 451 3801 quia,
463 3745 513 3785 etc.
666 3736 809 3784 'rinc-At
821 3737 889 3784 easd.
903 3744 952 3784 etc.
962 3730 1030 3783 Vid'e
1043 3750 1123 3801 quam
1133 3750 1193 3784 con-

135 3813 214 3882 786.
233 3817 323 3880 Exple.
338 3813 405 3876 Alii,
421 3817 524 3879 explere.
541 3843 576 3852 —-
597 3819 634 3863 De
679 3833 742 3866 sona
758 3813 814 3866 haec
828 3812 952 3883 Phidippi
965 3812 1049 3863 oratio
1068 3811 1192 3866 Lachetis

119 3894 166 3940 trac
179 3911 206 3942 re
219 3911 263 3944 an.
279 3911 344 3944 meus
351 3907 379 3942 ur
386 3896 425 3944 sit.
436 3888 575 3962 Correptio
586 3901 634 3950 est,
677 3892 802 3946 videatur
810 3889 978 3963 precedenti.
995 3889 1073 3944 Unde
1083 3907 1193 3963 apparet

119 3987 180 4019 narn
194 3967 317 4022 audivit:
334 3969 466 4022 «Manere
479 3969 634 4034 affinitatem
678 3991 750 4024 nunc
763 3991 818 4025 esse
838 3971 927 4024 animo
945 3969 1039 4024 eodem
1058 3983 1193 4044 utrosque.

120 4046 190 4100 hanc
209 4048 280 4100 inter
303 4068 352 4102 nos
369 4060 522 4122 perpetuam
544 4047 632 4102 volo.»
677 4055 739 4102 Perl.
