2834 4788
316 377 537 446 ADELPH.
565 381 673 450 ACT.
702 381 760 466 11,
787 381 854 448 SG.
882 381 951 450 111.
1125 379 1173 475 39

112 503 317 597 Accipiunda
332 520 366 576 et
384 508 586 580 mussitanda
606 510 726 604 injuria
742 509 999 584 adolescentium
1014 509 1063 605 ’st

112 609 178 678 Sed
192 635 292 680 nemo
305 611 414 682 dabit:
429 613 550 684 frustra
563 616 624 686 has
638 631 771 710 egomet
782 641 913 686 meeum
927 617 1070 686 rationes
1084 632 1175 711 puto.

404 753 888 932 seana'ranmn.
987 978 988 982 ψ

436 1057 615 1170 stans.
647 1051 859 1126 sANNto.

169 1237 250 1304 Suu.
265 1238 372 1320 Tace,
390 1251 521 1330 egomet
540 1240 734 1308 conveniam
753 1241 885 1334 ipsum:
903 1243 1022 1338 cupide
1044 1249 1183 1341 accipiat

274 1340 371 1430 fano,
392 1357 491 1436 atque
509 1345 608 1412 etiam
886 1416 899 1440 ‚
1145 1391 1183 1424 n·

113 1446 315 1516 Benedicat
340 1472 451 1518 secum
479 1474 549 1518 esse
575 1463 696 1519 actum.
721 1451 811 1540 Quid
832 1455 932 1538 istuc,
954 1457 1094 1544 Sannio,
1117 1449 1184 1543 est,

275 1553 366 1648 quod
387 1568 420 1624 te
442 1555 541 1626 audio

113 1658 239 1758 Nescio
262 1659 343 1753 quid
370 1675 576 1732 concertasse
604 1686 680 1753 cum
704 1661 809 1732 hero?
830 1665 886 1732 Sa,
914 1665 1095 1758 Nunquam
1117 1669 1185 1738 vidi

275 1789 419 1859 imqurus
576 1857 578 1861 Ι

117 1871 345 1940 Certationem
365 1887 608 1966 comparatam,
623 1896 722 1966 quam
741 1873 812 1942 haec
827 1898 899 1966 quae
913 1871 1013 1945 hodie
1026 1877 1114 1946 inter
1128 1905 1189 1948 nos

277 1977 340 2044 fuit
356 1999 378 2044 :r

146 2245 149 2250 ¹
170 2187 233 2240 aaa.
261 2185 441 2249 Mussitanda,
467 2184 576 2240 tacenda
602 2198 629 2238 et
674 2199 777 2240 ruerat:
794 2187 1189 2260 «Intelligo.,inquitille‚rem

119 2265 211 2328 animo
224 2264 394 2320 continenda.
413 2265 544 2318 Munttare
560 2264 631 2318 enim
678 2277 777 2331 totam,
805 2286 822 2318 o
844 2267 984 2332 AEschine,
1006 2269 1084 2339 plura
1103 2270 1192 2329 dicere

117 2345 229 2416 proprie
245 2358 300 2411 est,
315 2345 482 2398 dissimulandi
500 2364 572 2396 causa
593 2355 631 2396 ta·
675 2344 743 2399 mihi
757 2343 879 2398 desine.»
895 2375 936 2389 -ι
951 2347 986 2398 Et
999 2349 1122 2418 quietum
1135 2370 1190 2406 cate

118 2445 190 2487 cere5
209 2417 312 2479 dictum
325 2461 334 2488 ‚
349 2425 391 2477 vel
412 2443 426 2476 a
445 2437 524 2489 muto,
538 2423 577 2476 vel
598 2424 632 2478 ab
674 2426 748 2494 jubet
761 2425 870 2486 herum,
884 2425 931 2496 qui
942 2423 976 2476 de
986 2444 1029 2491 eo,
1043 2427 1189 2499 quodcum

119 2504 165 2568 M,
178 2522 237 2574 quea
248 2504 336 2558 littera
351 2516 389 2556 est
410 2503 524 2558 nimium
538 2521 632 2574 pressae
677 2503 746 2556 irato
773 2503 868 2558 lenone
887 2516 965 2575 pacto
986 2509 1189 2573 conveniretur,

119 2583 193 2636 vocis
205 2601 236 2636 ac
248 2601 323 2654 paeue
333 2583 445 2647 nullius,
457 2581 525 2636 adeo
535 2594 566 2634 ut
579 2583 633 2661 sola
677 2582 791 2642 maxime
805 2583 931 2636 sollicitus
943 2594 990 2634 eet.
1006 2585 1051 2637 W
1047 2599 1089 2638 est.

122 2663 258 2728 omnium,
270 2681 353 2734 quum
367 2664 437 2715 inter
449 2663 551 2716 vocales
567 2661 633 2714 inci·
720 2679 784 2712 211.
796 2661 862 2714 Beue
874 2663 943 2714 dicat
952 2681 1030 2714 secum
1042 2684 1091 2715 esse
1102 2680 1189 2722 actum.
1249 2660 1252 2665 ’

123 2733 215 2804 derit,
241 2754 367 2800 atteratur
398 2754 477 2810 atque
507 2737 633 2794 subsidat.
678 2739 759 2791 Recte
776 2751 855 2796 actum
878 2737 1005 2792 addidit:
1023 2758 1086 2794 nam
1107 2747 1193 2800 multa

123 2821 193 2874 Hinc
208 2821 306 2892 virgil.
328 2819 435 2874 AEneid.
460 2821 534 2888 XII,
557 2816 634 2888 657:
679 2817 760 2870 etiam
773 2816 871 2889 cupide
882 2818 1041 2888 accipimus,
1056 2821 1093 2876 ita
1104 2835 1191 2878 tomen

126 2926 137 2948 ι
151 2900 250 2952 Mussat
266 2920 313 2954 rex
327 2901 383 2972 ipse
395 2899 512 2958 Latinus.
534 2924 546 2948 a
565 2897 633 2948 Dan.
679 2909 709 2951 ut
727 2898 795 2950 male
817 2899 958 2954 nobiscum
991 2919 1046 2954 ease
1074 2900 1193 2958 dicamus
1282 2901 1287 2907 ’

162 2998 228 3048 ²⁰9·
238 2981 270 3032 L.
284 2980 368 3050 antiq.
380 2980 475 3050 deputo.
488 2975 635 3049 Elegantis-
679 2987 777 3030 actum.
791 2977 828 3031 D.

122 3058 206 3112 simus
224 3059 270 3112 hio
285 3077 376 3112 versus
390 3060 497 3130 Guyeto
513 3055 637 3130 supponi·-
722 3073 787 3108 πη.
810 3057 899 3108 Nescio
926 3057 994 3130 quid.
1018 3060 1118 3130 Arguto
1140 3062 1192 3116 hoc

124 3139 195 3192 titius
208 3135 492 3203 audit—Revolvitur
508 3137 543 3190 ad
564 3135 636 3190 dete·
680 3135 805 3206 positum.
820 3133 925 3190 Callide
938 3155 1054 3207 namque
1068 3139 1191 3194 disdmu·

123 3216 195 3270 riora
206 3215 343 3272 timenda:
360 3217 411 3270 Sed
428 3213 589 3280 innodabit,
600 3233 636 3268 sc.
679 3215 716 3268 lat
730 3232 757 3267 se
771 3211 838 3268 scire
852 3213 920 3285 quid
933 3209 972 3267 rei
989 3229 1077 3272 actum
1096 3219 1146 3282 eit,
1163 3234 1194 3274 ut

125 3296 556 3368 argentumameflagitatum.-
571 3295 637 3346 Fra·
681 3295 718 3348 ita
741 3294 909 3348 familiariter
931 3294 1017 3348 eliciat
1042 3298 1132 3351 omnia
1159 3317 1193 3352 ex

124 3387 177 3427 stra
193 3377 236 3428 das
249 3387 343 3448 egomet
357 3396 444 3428 mecum
452 3379 555 3428 rationes
568 3386 637 3445 puto.
681 3373 739 3444 ipso
754 3374 858 3426 lenone.
877 3372 920 3427 W
919 3385 962 3424 est.
978 3371 1192 3432 -Cooeertasse,
1246 3379 1248 3386 '

123 3455 330 3527 Praeparationis
348 3455 481 3508 simulent
502 3474 584 3526 genus
604 3451 639 3506 ad
682 3453 714 3504 In
731 3471 764 3504 eo
783 3464 900 3506 versatur
919 3453 998 3523 hujus
1011 3453 1063 3506 loci
1074 3469 1194 3510 venustas

124 3533 295 3606 accipiendas
310 3533 406 3606 viginti
425 3533 530 3586 minas:
556 3546 581 3586 et
599 3545 639 3585 to·
682 3530 757 3602 quod
769 3530 891 3586 adhibuit
903 3533 1015 3586 verbum
1029 3548 1193 3597 convortam,-
1298 3597 1302 3604 1

124 3615 180 3668 tius
199 3633 312 3668 summa
329 3613 488 3686 desperatio.
502 3613 576 3664 Dora.
600 3636 641 3654 -ι
684 3629 738 3680 quo
758 3611 867 3681 quidem
897 3613 988 3666 statuit
1014 3616 1107 3684 aquali
1133 3617 1193 3686 jure

124 3695 213 3759 Puto,
231 3705 365 3766 supputo,
377 3690 509 3746 subduco.
685 3689 739 3740 frui
754 3702 780 3744 et
791 3691 960 3754 AEechinum‚
973 3703 999 3743 et
1009 3692 1141 3748 lenonem.
1151 3693 1195 3746 Ad

172 3773 354 3842 210.Al.jam,
369 3787 429 3826 ante
439 3769 641 3842 ipsum.-Tace.
685 3768 716 3822 id
730 3781 816 3822 autem
829 3769 1119 3841 Sannionis'reaponsio
1132 3792 1195 3844 per-

125 3855 194 3906 Haec
208 3851 293 3924 Syrus
308 3851 433 3906 AEschino
443 3852 514 3906 intus
526 3848 644 3902 manenti
685 3848 753 3902 tinet
770 3870 776 3900 ι
794 3869 913 3920 nunquam
928 3849 982 3902 vidi
992 3853 1095 3922 iniquius
1113 3853 1197 3907 Certa·

125 3930 293 4002 respondet!
303 3927 355 3986 Hic
369 3949 466 4002 nempe
480 3947 558 3984 servo
576 3946 643 3990 con·
689 3931 774 3980 tionem
785 3941 962 4007 comparattp‚
979 3941 1028 3982 etc.

126 4019 257 4064 certatam
272 4029 333 4064 oum
345 4010 478 4064 Sannione
493 4010 577 4063 rixam
586 4025 646 4078 ape·
732 4006 797 4061 213.
821 4008 917 4078 Campa.
936 4025 997 4062 eam.
1013 4009 1129 4083 Respicit
1142 4031 1198 4067 eer-
1219 4026 1224 4036 ·

943 4105 988 4184 34
