2812 4788
202 399 269 483 140
433 337 611 465 runnu
635 386 880 459 rnnnuru
904 385 1027 454 leur

195 534 229 602 Si
248 553 418 624 nunquam
431 552 530 596 avare
545 526 689 621 pretium
708 523 807 592 statui
825 519 888 590 arti
903 543 1002 605 meae,

197 641 243 708 Et
260 662 336 706 eum
348 659 419 706 esse
430 648 613 730 questum,
627 634 661 700 in
677 631 824 699 animum
836 620 968 713 induxi,
989 645 1200 708 maxumum,
1222 685 1227 695 ,
1244 649 1269 687 s.
1335 660 1338 668 ι

198 745 311 834 Quam
329 766 483 812 maxume
499 741 623 810 servire
636 738 755 807 vestris
775 731 975 804 commodis:

200 850 304 920 Sinite
319 850 581 944 impetrarem,
600 845 701 941 quiin
714 839 853 913 tutelam
869 863 978 910 meam

158 1011 162 1018 .
200 949 356 1050 ¹Studium
378 979 493 1040 suum,
509 967 543 1023 et
563 978 598 1023 se
615 955 651 1022 iu
663 964 808 1020 vestram
827 945 991 1017 commisit
1003 942 1122 1042 fidem,

200 1065 253 1134 Ne
271 1086 347 1130 eum
364 1061 629 1131 circumventum
647 1059 759 1152 inique
777 1055 881 1148 iniqui
901 1050 1069 1120 irrideant.

203 1171 281 1238 Mea
301 1191 401 1238 causa
414 1191 546 1236 causam
565 1165 718 1260 accipite,
737 1176 772 1231 et
790 1160 866 1230 date
882 1157 1071 1244 silentium,
1248 1178 1273 1217 ⁵⁵

201 1277 250 1344 Ut
268 1269 539 1362 lubeatscribere
561 1271 651 1358 aliis,
670 1269 817 1362 mihique
838 1279 876 1336 ut
892 1265 1018 1334 discere

201 1382 317 1452 Novas
335 1380 502 1476 expediat,
515 1379 655 1473 posthac
673 1375 782 1470 pretio
801 1385 930 1480 emptas
947 1393 1034 1440 meo.

239 1567 284 1630 ⁴9·
298 1565 324 1613 Si
334 1579 462 1630 nunquam
472 1595 479 1624 ,
489 1571 540 1614 etc.
555 1559 611 1612 Hos
624 1575 718 1613 versus
762 1561 850 1616 meriti
875 1579 950 1626 esse,
974 1569 1000 1614 et
1022 1574 1105 1630 quam
1125 1555 1279 1628 frequenter

203 1653 229 1694 et
239 1641 307 1694 duos
314 1653 454 1712 sequentes
463 1639 509 1693 dat
516 1639 616 1710 pariter
622 1639 718 1690 Heaut.
762 1641 863 1714 populo
871 1638 1015 1714 placuerim
1025 1635 1125 1690 idcirco
1133 1646 1279 1708 propterre

203 1716 718 1792 prologus;utrumrepetenteTerentio‚
763 1713 1280 1794 dicitaudientiamessecomoedioedan·
1385 1730 1386 1744 ¹

204 1821 240 1854 an
258 1819 348 1854 errore
360 1801 530 1866 librariorum
545 1818 601 1868 non
618 1799 718 1870 liquet;
763 1800 836 1854 dam.
850 1805 928 1868 Eugr.
940 1828 976 1839 -
991 1801 1116 1860 Causam,
1130 1813 1166 1848 sc.
1181 1805 1278 1868 poetae.

206 1892 232 1933 et
254 1879 400 1933 difficiliter
422 1879 584 1953 judicaveris
612 1877 720 1930 cuinam
763 1881 927 1948 -Accr'pr'te‚
939 1896 989 1951 pro
1002 1873 1136 1948 suscipite.

204 1957 318 2030 prologo
331 1960 400 2011 male
412 1959 511 2012 fuerint
519 1958 641 2011 connexi.
650 1955 720 2009 Vide
801 1960 843 2013 56.
854 1961 961 2010 Scribere
971 1959 1036 2010 attis.
1047 1953 1133 2008 Bentl.
1145 1972 1192 2006 scr.
1203 1955 1280 2014 alias,

206 2049 294 2090 ceter¹
305 2038 333 2090 in
343 2037 412 2109 prol.
425 2039 513 2104 citato,
526 2038 599 2109 quod
609 2039 720 2092 attinere
764 2059 803 2095 se.
818 2039 933 2104 fabulas,
944 2048 975 2090 ut
983 2055 1022 2090 rs.
1041 2054 1082 2108 ²7³
1093 2036 1155 2088 Non
1166 2025 1282 2086 admitti·

206 2129 292 2190 potest
302 2116 336 2170 ad
346 2119 600 2190 interpretationem.
686 2145 688 2156 1
764 2139 833 2174 mus.
846 2122 924 2180 Attis,
948 2135 986 2170 sc.
1002 2114 1195 2182 comoediarum
1216 2113 1283 2166 scri-

245 2195 287 2249 50.
302 2201 333 2248 In
347 2199 426 2248 anim.
442 2198 548 2257 induci,
563 2214 718 2247 maxumum.
764 2197 896 2271 ptoribus.
908 2201 1069 2261 -Disccrc‚
1086 2213 1124 2248 sc.
1137 2192 1265 2266 agendas.

207 2277 273 2328 Mes.
286 2273 362 2346 quid.
376 2285 402 2327 et
411 2273 490 2343 editi,
503 2277 529 2325 in
540 2277 617 2326 anim.
630 2277 722 2326 induxi
802 2277 844 2350 57.
852 2281 934 2328 Pretio
946 2297 1009 2329 meo.
1019 2275 1093 2338 Non,
1104 2293 1120 2327 a
1130 2293 1174 2327 me
1185 2274 1284 2346 soluto,

208 2377 305 2411 merim..
542 2381 544 2386 ·
638 2371 639 2376 ’
766 2357 909 2423 sed‚ame
923 2367 1021 2410 statuto
1031 2365 1057 2407 et
1068 2352 1192 2407 indicato.
1209 2354 1285 2406 Pete·

246 2440 287 2490 52.
303 2437 546 2503 Quir'ntutel.mcam
555 2439 721 2502 Studsuum,
765 2439 832 2491 bant
857 2435 946 2503 ediles
977 2436 1011 2489 ab
1034 2433 1165 2500 histrione
1189 2433 1284 2505 aliquo

208 2525 258 2567 eto.
267 2514 374 2568 Scilicet
389 2533 472 2584 quum
483 2513 603 2568 studium
617 2515 674 2587 ejus
686 2515 722 2566 la·
766 2515 893 2588 primario
904 2514 1091 2586 fabulamque
1104 2512 1215 2566 inludis
1234 2531 1285 2584 pu.-

210 2594 275 2647 bore
296 2613 355 2647 meo
383 2594 538 2646 excitarem.
559 2595 633 2647 Ordo
656 2607 721 2648 est:
767 2595 842 2650 blicis
871 2607 994 2668 ageretur
1017 2615 1024 2646 ε
1052 2593 1185 2668 simulque
1206 2593 1285 2652 illum

209 2663 294 2728 Sinite
315 2674 455 2745 impetrare
477 2691 538 2735 me,
553 2691 588 2726 ne
598 2693 660 2727 eum
670 2675 723 2727 cir·
765 2671 896 2750 jubebant
914 2673 1032 2727 indicare
1049 2669 1165 2745 pretiuin
1184 2689 1240 2744 quo
1253 2673 1286 2724 il-

211 2751 482 2828 cumvencuminique
488 2751 572 2823 iniqui
586 2751 723 2818 irrideant,
768 2753 824 2809 lam
833 2755 895 2827 ipsis
903 2753 984 2808 vellet
991 2751 1117 2806 rendere.
1127 2751 1160 2805 Id
1166 2751 1286 2824 pretium

211 2830 503 2903 quiintutelammeam
514 2830 727 2903 studiumsuum,
759 2847 818 2896 ,aut
836 2836 892 2908 ejus
912 2851 974 2906 pars
992 2843 1063 2884 certa
1080 2831 1287 2904 persolvebatur
1388 2881 1389 2888 ,

212 2908 308 2962 etsein
317 2918 433 2960 vestram
444 2907 575 2959 commisit
586 2908 677 2964 fldem.
730 2946 735 2968 r
770 2927 866 2985 poete.
881 2910 962 2978 Quod
980 2911 1002 2965 si
1023 2912 1115 2965 fabula
1127 2910 1287 2983 explodere·

250 2991 293 3050 54.
310 2988 509 3038 Circumrcntrun.
521 2986 667 3055 Delusum,
677 3009 725 3063 op-
769 3003 822 3056 tur,
832 2991 931 3044 AEdiles
942 3003 1062 3062 repetere
1071 3001 1196 3063 poterant
1204 3009 1287 3062 pecu-

212 3082 344 3140 pressum.
358 3065 428 3119 Dicit
438 3065 602 3120 Terentium.
769 3071 868 3124 niama
892 3070 1044 3133 sedatam,
1063 3067 1136 3142 quod
1155 3068 1289 3122 damnum

251 3146 294 3200 ⁵5.
309 3149 412 3198 Causam
426 3148 539 3214 accipite.
550 3146 674 3219 Plerique
683 3148 726 3201 ed.
770 3149 907 3202 histrionis
921 3161 986 3202 erat.
999 3156 1091 3202 Jew.-
1099 3151 1133 3200 At
1143 3147 1251 3210 Parcus,
1261 3163 1289 3202 et

214 3231 278 3280 dant
292 3245 394 3278 causam
403 3230 469 3278 banc
481 3229 561 3295 accep.
573 3228 727 3282 Omittimus
771 3229 838 3282 Mer.
858 3229 1008 3283 Cassubon.
1022 3227 1136 3282 credunt
1149 3227 1252 3281 AEdiles
1272 3249 1288 3282 a

200 3310 282 3358 ‘banc
297 3325 330 3359 ex
346 3306 432 3358 Bentl.
453 3318 513 3377 post
531 3306 671 3360 Perletum.
693 3339 729 3349 -
772 3319 866 3380 poeta,
882 3308 1025 3362 histriones
1038 3325 1129 3362 rursus
1144 3308 1178 3361 ab
1190 3307 1289 3362 AEdili-

215 3393 274 3439 Mea
283 3406 370 3440 causa.
380 3386 421 3439 Cf.
432 3388 523 3440 used.
532 3385 586 3440 scir
593 3405 621 3440 se
632 3387 727 3460 optimi
773 3388 822 3441 bus
834 3387 926 3442 emisse
937 3388 1079 3462 Hecyram.
