2812 4788
353 374 579 442 HECYRA.
608 376 714 445 tet.
743 377 872 461 1‚,sc.
900 381 951 447 11.
1113 380 1177 452 151

124 507 218 587 Hac,
239 505 287 572 ita
300 505 350 572 nti
363 501 490 574 liberali
505 529 577 574 esse
595 506 729 600 ingenio
745 505 856 592 decet,

123 609 255 679 Pudens
269 663 279 697 ,
300 609 449 681 modesta
461 637 471 696 ς
485 611 698 682 incommoda
716 627 815 706 atque
829 615 964 708 injurias
1150 641 1186 680 ,σε

123 717 194 786 Viri
208 741 326 786 omnes
345 715 448 801 forre,
470 731 504 788 et
519 733 631 814 tegere
644 718 869 790 contumelias.

123 823 203 910 Hic,
225 824 354 904 animus
371 825 494 919 partim
512 827 624 894 uxoris
644 826 873 896 misericordia

123 929 325 1015 Devinctus‚
344 931 465 1024 partim
484 933 592 1000 'victus
611 931 710 1026 hujus
730 931 873 1025 injuria,

123 1033 286 1104 Paulatim
295 1033 409 1131 elapsu
417 1039 459 1106 'st
476 1036 647 1125 Bacchidi,
661 1049 762 1132 atque
776 1039 843 1108 huc
856 1039 1024 1110 transtulit

123 1143 301 1224 Amorem,
321 1156 498 1236 postquam
516 1145 763 1238 peringarium
786 1159 903 1216 nactus
923 1161 983 1216 est.
1153 1184 1189 1224 ψ·

174 1249 309 1316 interea
327 1249 363 1316 in
381 1249 497 1318 Imbro
509 1250 653 1319 moritur
668 1265 829 1343 cognatus
844 1276 945 1321 senex
1121 1237 1147 1272 ⁸

124 1346 274 1422 llorunc'
291 1379 305 1449 ¹:
328 1353 371 1423 ad
388 1355 451 1424 hos
468 1378 508 1424 ea
529 1355 627 1425 rediit
642 1353 715 1450 lege
736 1356 913 1428 hereditas.

122 1462 172 1528 Eo
185 1473 353 1530 amantem
366 1461 508 1533 invitum
520 1459 729 1557 Pamphilum
744 1463 890 1533 extrudit
901 1478 1012 1558 pater:

122 1601 173 1648 sim.
184 1625 219 1638 —-
234 1601 280 1649 Aa
290 1617 334 1651 ea.
350 1602 413 1652 amb.
425 1609 483 1652 etc.¹
494 1603 634 1654 Donatus:
680 1605 751 1662 lare,-
771 1613 800 1653 nt
824 1619 879 1654 non
898 1602 983 1654 solnm
997 1601 1123 1671 cuiquam
1137 1617 1191 1652 non

123 1677 221 1744 «Quasi
230 1676 264 1730 ad
277 1677 421 1749 imaginem
431 1691 458 1732 et
468 1679 636 1732 collationem
680 1679 1191 1752 ediceret,cedetnequletciretdlorr.
1236 1719 1246 1730 .

122 1769 147 1810 et
159 1757 278 1829 speciem
295 1759 509 1830 comparationis.
518 1760 637 1814 »Boecle
718 1763 776 1830 167.
790 1761 851 1820 Hic,
871 1762 1003 1829 eleganter
1013 1777 1065 1850 pro
1084 1774 1142 1810 tam.
1156 1790 1191 1800 «-

122 1855 166 1890 rua
176 1848 266 1890 autem
281 1835 418 1890 invehitur
433 1837 461 1890 in
479 1837 584 1910 eos'qui
594 1838 634 1894 vi·
680 1839 858 1890 Misericordia.
872 1837 965 1904 Recte,
975 1855 1036 1909 qma
1050 1857 1082 1890 ex
1093 1836 1190 1890 miseri·

123 1915 219 1970 dentur
232 1919 281 1986 (ut
294 1917 357 1987 ait),
376 1918 429 1970 sibi
447 1919 592 1992 intelligere
610 1931 636 1972 et
679 1916 768 1970 cordia
790 1921 864 1970 amor
885 1917 1008 1970 nascitur.
1037 1917 1082 1972 sie
1104 1930 1130 1970 et
1160 1917 1188 1969 in

122 1997 290 2070 interpretari
301 1997 373 2052 hunc
383 2017 504 2063 versum,
518 1997 583 2051 dnm
595 1999 635 2050 ni·
678 1995 854 2061 Phormione,
867 2016 905 2050 vs.
917 2013 963 2066 99,
972 2015 1011 2069 sq.
1023 1997 1190 2049 «Miseritum

121 2075 159 2128 bil
175 2087 260 2148 agunt
281 2075 398 2129 interim.
414 2077 474 2149 Ipse
492 2097 556 2151 ergo
570 2075 636 2130 dicit
678 2087 726 2128 est.
736 2075 822 2148 Virgo
831 2075 887 2149 ipsa
898 2076 1102 2150 lacieegregia.n
1114 2075 1189 2148 Virg.

122 2154 636 2228 exemplam,quotidianoevitaeconsue·
677 2153 783 2208 AEneid.
796 2157 847 2219 lv,
873 2156 920 2209 13:
938 2154 1013 2208 «heu
1031 2154 1129 2227 quibua
1145 2153 1189 2206 ille

122 2233 243 2288 tudinem
262 2253 330 2301 esse,
347 2255 425 2288 mores
443 2233 478 2289 ad
497 2236 634 2307 ingenium
676 2235 792 2288 Ja‘ctatus
807 2235 902 2287 fotiel»
914 2239 977 2286 Dorr.

40 2344 44 2349 ·
121 2313 270 2369 notandum
279 2313 421 2387 pertinere.
432 2315 503 2387 Ergo
511 2315 633 2384 explicat:
700 2311 774 2368 'rea
795 2315 934 2368 Devinctus‚
957 2313 998 2365 Al.
1021 2315 1135 2366 devictos.
1154 2343 1189 2352 -

125 2393 284 2467 tExigendo
306 2405 332 2447 et
353 2394 532 2466 comparando
553 2395 634 2469 hujus
677 2396 782 2462 lrry'nrio.
794 2393 889 2447 Faern.
910 2394 1190 2462 injuriis.-Hrq'usirrj.

122 2471 340 2529 consuetudinem
358 2472 393 2526 ad
410 2469 483 2526 illins
496 2486 634 2528 consuetu-
677 2469 817 2525 bacchidis
829 2471 998 2525 contumelia.

122 2547 208 2607 ffluem
224 2571 280 2626 quo
298 2549 408 2624 ingenio
424 2565 535 2625 utraque
554 2564 634 2617 esset,
716 2554 775 2619 169.
791 2555 852 2601 Boo.
865 2551 897 2603 C.
911 2549 947 2602 G.
959 2567 997 2601 m.
1008 2553 1071 2601 laic.
1084 2577 1119 2588 -
1130 2553 1189 2600 Ela-

124 2633 198 2688 iacile
213 2630 334 2706 judicare
349 2632 434 2706 potuit
447 2651 479 2686 ac
492 2632 634 2704 reprehen-
673 2633 732 2698 psu’
743 2644 774 2680 rr.
787 2627 861 2681 Adeo
873 2639 911 2680 est
922 2626 1014 2679 tardus
1028 2645 1102 2678 amor
1114 2623 1187 2678 Pam-

125 2711 214 2766 dere.»
678 2707 744 2780 phili
755 2720 780 2760 et
798 2725 924 2777 magnus,
936 2717 966 2757 ut
984 2705 1064 2757 eiiam
1076 2717 1136 2778 post
1147 2705 1187 2756 in·

159 2792 216 2857 164.
226 2795 302 2859 Hoee,
311 2793 346 2844 ito
357 2796 394 2844 uti
405 2791 447 2844 lib.
459 2809 507 2844 ess.
521 2793 574 2857 ing.
585 2781 635 2840 etc.
675 2785 759 2860 jurias
776 2783 883 2838 difficile
902 2781 1019 2837 discedat
1025 2803 1033 2850 ;
1047 2795 1073 2837 et
1087 2783 1132 2836 hic
1144 2783 1186 2836 in·

123 2869 540 2945 Egregieinduxithancfignram
551 2877 636 2940 poeta,
678 2865 770 2920 nuitu'r
788 2869 895 2930 animas,
917 2883 971 2918 non
990 2867 1137 2933 Pamphilus.
1153 2895 1187 2904 -

124 2963 152 3004 ut
185 2963 318 3026 quantum
349 2959 485 3024 prestaret
509 2959 636 3001 matrona
679 2943 860 3011 [maimonem
872 2963 993 3000 uxorem.

123 3031 205 3085 datus
217 3029 375 3084 meretriciis
388 3027 525 3094 moribus,
543 3025 637 3080 intelli·
717 3045 774 3096 170.
789 3031 842 3078 Par
854 3029 904 3096 ing.
925 3027 979 3082 Suo
1000 3044 1149 3098 congruens
1163 3036 1188 3076 et
1218 3031 1223 3038 '

122 3110 240 3182 gendum
251 3108 335 3166 daret.
343 3111 491 3175 Ceterum,
504 3103 635 3180 posterius
678 3108 823 3160 conforme.
1106 3116 1110 3144 ί

124 3193 272 3244 membrum
290 3188 497 3262 comparationis
515 3187 635 3242 consulto
716 3205 777 3257 171.
789 3182 1187 3256 terramtltoisltgaeiiumla

124 3267 234 3335 omittit;
253 3287 318 3332 aen,
345 3287 379 3321 ex
404 3265 576 3328 casaubono,
600 3284 635 3318 ne
678 3278 727 3332 est,
735 3267 809 3338 juxta
817 3261 958 3317 Thraciam
970 3262 1027 3316 sita.
1036 3261 1188 3336 Sophianus

125 3347 288 3401 meretricem
312 3347 449 3402 absentem
477 3345 635 3400 insectando
678 3349 779 3398 lambro
790 3356 876 3396 vocnt.

125 3426 291 3494 ostenderet,
306 3445 353 3480 sen
361 3445 393 3480 ex
402 3428 524 3492 Donato,
536 3443 570 3478 ne
581 3423 635 3477 lau·
716 3419 1134 3496 172.nomn0¹.vniott0rurre,
1148 3421 1191 3469 lto·

125 3503 183 3560 data
194 3526 294 3574 uxore,
306 3517 436 3580 repeteret
443 3505 510 3560 vitia
519 3503 637 3557 meretri·
678 3523 767 3556 nemer.
778 3502 839 3553 Lib.
853 3499 958 3572 antiqui
969 3498 1190 3550 iorum—ltedir't.

125 3585 158 3640 cit
167 3586 240 3659 apud
251 3587 427 3640 meretricem.
440 3583 521 3650 Quod
531 3591 635 3636 utrum·
678 3583 721 3636 Sic
735 3581 810 3634 Bent.
823 3573 868 3632 alii
878 3617 886 3643 ,
895 3581 999 3630 redibat.
1013 3575 1063 3628 alii
1073 3571 1190 3628 rediebat.

127 3683 174 3737 qne
184 3663 335 3720 reverentia
343 3662 451 3738 plenum
460 3667 507 3718 est.
678 3663 832 3712 -Hornrre'.
840 3655 1018 3714 Dominarum
1027 3673 1191 3734 meorum-

160 3743 218 3798 165.
229 3748 347 3809 Pudens,
360 3745 479 3796 modesto.
497 3743 561 3796 uec
574 3759 636 3795 con·
680 3745 757 3810 Lege,
770 3737 878 3813 quando
892 3739 926 3792 ab
941 3736 1065 3790 intestato
1083 3735 1133 3788 illis
1146 3735 1192 3787 ob-

129 3833 166 3876 tra
177 3823 240 3877 vitia
257 3821 404 3877 meretricia
423 3819 521 3894 posuit.
541 3824 636 3873 Pudens
680 3819 759 3874 venit.

129 3899 191 3968 bec,
200 3901 245 3955 illa
256 3921 367 3972 procare,⁸
382 3905 492 3954 modesto
506 3899 563 3954 hmo
573 3939 580 3962 ‚
591 3897 636 3953 illa
718 3895 776 3972 173.
788 3903 928 3956 Arruntem,
940 3893 1029 3946 uxoris
1041 3911 1093 3947 sue
1102 3905 1193 3964 antone

131 3984 246 4050 maligna.
683 3991 800 4050 captum.
822 4007 854 4017 —
873 3977 1005 4046 troade,
1025 3969 1191 4027 adeundum
1261 4037 1264 4044 Ἰ

168 4064 224 4113 ι66.
242 4065 339 4128 regere.
357 4060 420 4113 Plne
432 4059 497 4112 dixit
506 4075 586 4129 quam
600 4080 638 4111 oo·
684 4056 819 4128 compulit.
