2824 4778
161 379 167 394 ‘
216 395 291 482 264
443 367 618 464 ruunt
646 395 1043 465 rnunurnnrm

213 532 279 600 De.
291 530 379 599 Eece
390 527 632 600 autemsimilia
648 523 776 596 omnia!
795 551 910 596 omnes
924 541 1123 622 congruunt.

217 637 330 708 Unum
346 637 519 730 cognoris,
541 659 656 703 omnes
673 635 774 702 noris.
789 635 883 702 an.
903 633 1002 702 Haud
1019 635 1064 700 ita
1085 637 1135 701 'st
1245 657 1289 708 ,ες

213 744 280 812 De,
299 743 411 812 Hicin
428 764 514 810 noxa
528 755 598 828 est;
618 739 672 808 ille
686 739 728 808 ad
740 738 981 808 defendendam
998 763 1131 808 eausam
1151 737 1255 807 adest.

215 849 329 937 Quum
347 847 401 919 ille
422 861 489 932 est,
510 861 631 941 praesto
644 845 699 915 hic
713 859 782 915 est:
799 845 935 914 tradunt
952 869 1069 939 operas
1088 859 1230 917 mutuas.

215 956 259 1023 G.
277 955 385 1022 Probe
398 953 519 1030 horum
535 941 623 1022 iacta
640 952 832 1047 imprudens
850 951 999 1046 depinxit
1012 975 1122 1020 senex.

215 1062 281 1128 Ds.
297 1063 382 1128 Nam
395 1061 428 1128 ni
440 1059 512 1129 haeo
527 1061 710 1144 deessent,
727 1083 804 1128 cum
815 1056 871 1126 illo
883 1057 973 1126 haud
986 1071 1104 1142 stares,
1121 1058 1283 1142 Phaedria,

215 1165 310 1238 Pers.
324 1168 358 1236 Si
371 1181 439 1256 est,
452 1162 720 1262 patrue‚culpam
737 1179 775 1233 ut
789 1164 938 1258 Antipho
952 1165 985 1232 in
1002 1188 1036 1232 se
1049 1162 1232 1254 admiserim
1247 1203 1287 1242 2712

213 1274 265 1340 Ex
283 1297 349 1367 qua
365 1297 401 1340 re
418 1273 527 1340 minus
547 1274 593 1340 rei
613 1271 699 1340 foret
714 1285 771 1340 aut
792 1269 889 1364 famae
905 1284 1113 1365 temperem,

215 1378 293 1448 Non
310 1403 444 1480 oausam
466 1378 557 1465 dico,
575 1380 677 1473 quin,
693 1376 784 1472 quod
796 1378 933 1445 meritus
950 1379 1007 1461 sit,
1027 1376 1122 1444 ferat.

254 1536 314 1598 264.
335 1539 492 1600 Eeceautem
513 1536 604 1586 similia
624 1536 728 1585 omnia!

217 1613 286 1666 Ecce
300 1631 380 1685 quarn
394 1625 456 1666 sunt
469 1613 567 1668 similes
581 1613 681 1666 omnes!
694 1641 729 1665 -,-

219 1697 379 1760 congruunt,
396 1694 467 1747 inter
487 1712 516 1746 se
535 1692 711 1748 consentiunt.

250 1770 315 1842 ⁴265·
338 1779 416 1824 Unum
439 1775 558 1842 cognoris.
583 1769 667 1824 Codd.
683 1772 728 1832 Be.

220 1871 295 1905 renum
314 1872 387 1920 quam
400 1855 515 1903 noris-
527 1858 605 1902 Unum
627 1871 727 1919 cognor.

219 1929 501 2000 ¹Praeponendumerat
512 1935 681 1994 si.—Orrmes,
690 1949 728 1984 se.

162 2032 165 2040 ¹
219 2011 339 2079 juvenes.
352 2010 394 2063 Sic
408 2008 667 2080 virgit.AEneid.11‚
678 2011 728 2064 65:

221 2101 266 2142 «et
280 2090 389 2143 erimine
403 2089 436 2142 ab
445 2108 499 2141 uno
510 2090 587 2140 Disce
605 2107 729 2142 omnes.»

219 2173 221 2178 ’
258 2163 316 2223 266.
330 2175 360 2220 In
373 2189 453 2221 noxa.
463 2169 506 2222 Al.
517 2172 543 2220 irr
552 2171 730 2235 noxia-Hie,

220 2249 348 2320 Antipho.
366 2279 390 2289 -
406 2253 501 2310 Nona,
517 2248 605 2319 culpa.
620 2253 730 2312 -Ille,

220 2327 347 2380 Phredria.
566 2328 568 2332 '

258 2409 317 2476 267.
335 2413 414 2474 ernm
435 2409 476 2458 ille
490 2421 535 2458 ert.
551 2406 581 2460 C.
598 2405 630 2458 G.
647 2425 685 2459 tn.
700 2428 728 2476 q.

221 2487 256 2537 ill.
268 2489 345 2537 abest.
357 2485 399 2536 Al.
415 2484 731 2557 deesr.-Guyetusplane

221 2564 349 2635 expungit
366 2563 415 2616 hoa
425 2563 494 2616 duos
509 2583 618 2630 versus3
633 2565 730 2618 nollem

222 2643 336 2702 lactum,
357 2643 419 2694 satis
430 2643 500 2694 enim
511 2643 589 2714 probi
600 2655 624 2694 et
635 2643 732 2698 eruditi

222 2735 247 2774 et
267 2723 393 2774 Terentio
414 2721 488 2793 digni
507 2715 740 2794 videnturzquos'

222 2803 318 2853 Donat.
328 2803 396 2852 bene
406 2801 594 2872 interpretatur
601 2842 608 2866 ‚
615 2815 640 2853 et
649 2821 733 2855 exem·

222 2881 268 2952 plo
282 2879 474 2941 Ciceroniano‚
487 2880 565 2940 Verr.
579 2881 617 2942 Il,
631 2882 733 2950 12‚pla·

221 2977 257 3011 ne
270 2961 321 3008 hue
334 2957 501 3008 convenienti
514 2957 642 3022 illustrat3
663 2960 733 3019 sicut

221 3037 333 3090 invicem
347 3037 476 3087 Asconius
486 3035 617 3088 Pedianus
624 3055 685 3089 curn
695 3039 733 3094 10.

223 3136 256 3170 co
282 3115 459 3169 Ciceroniano
482 3115 531 3167 hos
552 3115 620 3168 duos
642 3136 733 3170 versus

223 3206 368 3267 comparat.
385 3199 485 3247 Boerler.
500 3199 624 3260 —Quum
637 3199 678 3247 ille
688 3210 732 3250 err.

223 3278 313 3341 Quum
327 3274 448 3328 Phaedria
459 3275 531 3328 estin
541 3283 734 3329 noxa-Trana

223 3375 288 3424 oper.
295 3369 353 3405 mur.
360 3353 415 3405 Sibi
425 3365 518 3406 mutuo
526 3366 648 3422 prestant
657 3374 735 3424 opem

224 3446 305 3504 atque
318 3451 435 3503 operam.
448 3437 563 3504 Apparet
582 3433 653 3485 enim
667 3435 735 3490 inira

771 1530 884 1584 modum
892 1533 948 1603 jam
958 1542 1100 1603 prestruat
1111 1543 1192 1602 poeta
1206 1531 1239 1586 ad
1253 1551 1284 1590 ea

761 1629 831 1682 =qure
845 1611 935 1664 sutura
955 1622 1029 1668 sunt,
1045 1609 1080 1662 ad
1102 1611 1285 1684 adjuvandum

772 1709 891 1748 amorem
906 1689 1041 1744 Phaedria.
1052 1695 1116 1742 Dor.
1126 1721 1161 1732 -
1170 1695 1230 1743 Cum
1241 1697 1283 1745 illo.

771 1773 841 1822 haud
851 1784 938 1822 stares.
962 1770 1024 1837 Non
1038 1767 1197 1822 defenderes
1208 1773 1280 1838 Anti,

772 1847 902 1920 phonem.

810 1945 869 1997 ²7⁰·
891 1930 919 1978 Si
938 1941 976 1978 est
993 1942 1021 1978 ut
1038 1931 1100 1980 Ant.
1124 1931 1215 1980 admis.
1235 1928 1285 1988 Pro

773 2007 858 2080 simpl.
869 2007 891 2059 si
902 2007 1019 2078 Antipho
1030 2006 1145 2060 admisit.
1154 2040 1190 2048 —
1199 2014 1231 2060 In
1249 2029 1283 2060 se.

773 2088 848 2139 Bono
855 2099 949 2138 ornatu
960 2085 1064 2141 addidit
1077 2091 1103 2138 in
1115 2109 1152 2139 se.
1164 2091 1254 2154 Quum
1262 2101 1286 2141 et

772 2165 1005 2238 sinehocplenum
1014 2164 1200 2236 videripossit3
1211 2167 1285 2220 ethic

774 2256 812 2297 est
822 2283 830 2308 ‚
840 2263 920 2315 quem
934 2245 1030 2298 Cicero
1044 2263 1153 2305 succum
1164 2247 1286 2302 orationis

774 2323 903 2396 appellat.
919 2329 983 2374 Dore.

812 2421 871 2474 ²7¹·
891 2409 933 2455 Ee
954 2424 1004 2473 qua
1016 2425 1058 2470 re„
1073 2423 1105 2458 ex
1118 2424 1173 2478 qua
1187 2407 1286 2478 culpa,

774 2483 958 2554 quamobrem.
978 2483 1058 2536 Haud
1076 2497 1189 2538 venuste
1209 2487 1287 2539 inser

775 2575 880 2628 tumre,
894 2583 976 2636 quum
986 2565 1171 2636 praeposuisset
1179 2571 1287 2634 errlparrr;

775 2643 813 2694 ait
834 2641 878 2694 hic
893 2645 1021 2695 Donatus.
1038 2643 1120 2714 Atqui
1138 2644 1176 2698 ita
1189 2646 1288 2698 Teren-

775 2721 838 2782 tius,
857 2722 944 2793 pergit
957 2723 1106 2775 Casauhon.
1123 2723 1289 2778 hauddubie

775 2802 896 2854 consulto
914 2801 1064 2862 maluit‚.ut
1079 2803 1197 2856 orationi
1210 2824 1290 2858 venu-

776 2891 868 2932 statem
883 2899 915 2942 ως
926 2881 1054 2932 allusione
1065 2881 1092 2932 in
1100 2884 1208 2948 verbis,
1217 2904 1243 2936 re
1252 2897 1291 2948 ,et

776 2963 826 3026 rei,
842 2961 870 3012 in
889 2959 994 3012 diversa
1010 2960 1205 3029 significatione
1222 2965 1292 3034 posi-

776 3041 822 3105 tis,
842 3040 1005 3093 conciliaret.
1021 3039 1123 3093 Notum
1142 3054 1181 3094 est
1193 3043 1291 3096 Atticos

776 3119 1032 3192 agnominationihus
1054 3119 1131 3172 valde
1151 3121 1293 3178 delectatos

777 3217 833 3252 esse
844 3215 926 3270 :quos
940 3199 1057 3250 imitatus
1069 3199 1215 3252 Terentius
1225 3241 1233 3267 ,
1242 3201 1293 3272 ple·

776 3297 828 3330 nus
841 3290 880 3330 est
894 3279 956 3330 illie.
966 3276 1020 3330 'Sed
1033 3290 1060 3329 et
1069 3291 1144 3332 extra
1156 3282 1291 3345 uterimei

777 3379 816 3410 res
827 3356 961 3410 interdum
971 3359 1102 3428 eleganter
1108 3360 1256 3429 repetitur:
1264 3371 1293 3412 ut

779 3457 795 3490 a
807 3437 890 3490 Cicer·
904 3435 938 3489 de
946 3436 1026 3488 Offic.
1039 3461 1050 3482 ι
1063 3441 1186 3489 Valetado
1196 3455 1293 3492 susten·

222 3511 357 3582 Antipho,
376 3523 497 3562 mutuam
515 3509 641 3564 Phaedriae
660 3532 735 3566 arno·
779 3529 848 3569 tatur
870 3515 1055 3582 observatione
1075 3533 1291 3578 caramerum,

221 3593 245 3644 ri
257 3607 363 3661 operam
380 3607 478 3642 navans
493 3589 612 3643 libenter.
780 3615 835 3664 quae
849 3615 887 3646 res
908 3606 955 3646 aut
973 3591 1100 3664 prodesse
1111 3595 1226 3649 'soleant
1248 3607 1292 3648 aut

260 3671 319 3722 268.
327 3673 412 3733 Probe,
421 3667 546 3731 fideliter,
557 3667 591 3721 ad
601 3682 733 3731 naturam.
779 3675 876 3727 abesse.
885 3700 897 3719 ι»
908 3674 942 3726 Et
960 3671 993 3725 ad
1004 3672 1098 3736 Quint.
1112 3673 1198 3726 Fratr.
1208 3676 1291 3740 «Quae

223 3781 258 3791 ——
266 3753 424 3816 Imprudens,
433 3742 545 3800 insciens
556 3750 654 3810 ;nescit
662 3751 734 3804 enim
757 3785 768 3814 ⁸
778 3751 861 3816 resad
870 3750 992 3815 officium
998 3747 1103 3822 imperii
1111 3751 1291 3822 pertinebant,

223 3830 252 3880 in
274 3845 365 3880 amore
389 3827 552 3880 eitharistriae
574 3845 629 3881 esse
656 3831 732 3883 Phae-
777 3831 812 3884 de
823 3831 854 3884 iis
867 3831 946 3883 rebus
960 3849 994 3882 ne
1002 3830 1142 3900 attingat.»
1161 3859 1196 3869 -
1213 3837 1292 3883 rttr'rrus

224 3906 318 3966 driam.
777 3913 813 3960 rei
817 3913 889 3979 foret
903 3909 1032 3974 autfaurae
1042 3885 1190 3976 teinperarrs.
1201 3911 1288 3963 Minus

260 3985 321 4050 269.
344 3987 378 4034 Ni
394 3988 447 4036 liceo
467 3989 501 4037 ira
522 4000 609 4038 esseut:
623 3985 680 4038 Nisi
702 3998 730 4039 tu
776 3990 923 4041 consuleret
932 4007 985 4040 suae
999 3989 1075 4040 farne
1088 4001 1134 4040 aut
1144 3991 1271 4060 pecuniae.

221 4068 278 4154 ipse
292 4079 360 4116 esses
372 4063 400 4113 in
413 4064 497 4137 culpa.
518 4063 589 4118 Vide
601 4065 730 4137 quemad·
812 4087 871 4140 ²7²·
881 4071 980 4120 Meritus
991 4071 1030 4121 sir.
1042 4069 1100 4122 Lib.
1111 4081 1164 4124 ant.
1177 4074 1285 4138 Mtraest.
