2812 4788
355 383 572 451 ADELPH.
598 385 706 454 ACT.
730 387 773 469 V,
798 385 869 452 SC.
894 385 960 452 tx.
1124 380 1191 452 123

127 515 306 609 Phrygiam
320 527 359 582 ut
370 539 512 582 uxorem·
519 537 627 584 meam
638 539 705 582 una
716 519 847 584 mecum
860 515 990 584 videam
1003 513 1150 584 liberam.

129 623 199 692 Du.
229 623 414 715 Optumam
439 617 572 714 quidem
591 621 778 690 mulierem.
800 623 880 692 Sta.
899 623 944 692 Et
973 620 1106 716 quidem
1131 635 1202 690 tuo.

288 729 401 825 nepoti
418 727 517 820 hujus
539 727 608 796 filio

127 831 238 902 Hodie
251 833 358 926 prima
368 854 545 902 mammam
559 833 651 902 dedit
667 833 748 904 haec.
759 835 825 902 Du.
839 831 959 904 Hercle
967 855 1048 902 vero
1059 833 1160 918 serio,

127 940 165 1007 Si
175 938 309 1033 quidem
323 941 430 1032 prima
440 937 547 1028 dedit,
568 938 659 1008 haud
670 939 827 1028 dubium,
845 942 925 1036 quin
941 941 1046 1015 emitti
1060 962 1191 1033 aequum

194 1055 198 1066 ⁸
291 1045 362 1114 Slel·
1154 1063 1192 1120 9⁸1

126 1151 216 1221 Mtc.
229 1151 285 1220 Ob
295 1174 369 1220 earn
380 1175 450 1220 rem
460 1148 474 1217 Ρ
484 1153 554 1220 Du.
569 1151 625 1220 Ob
641 1171 715 1220 eam
730 1178 738 1220 :
756 1165 927 1247 postremo
955 1175 976 1220 a
999 1176 1054 1222 me
1074 1175 1193 1247 argen-

288 1271 378 1342 tum,
391 1258 504 1352 quanti
519 1273 583 1347 est,
604 1259 736 1328 sumito.

126 1535 164 1548 —
177 1509 277 1556 Utinam
294 1509 341 1557 ltoc
363 1521 504 1574 perpetuum
510 1509 565 1576 fiat
576 1526 641 1574 gau·
684 1507 1196 1580 vs.prmced.),legitimaspotetantnu·

126 1589 206 1638 mum.
217 1585 300 1650 Quasi
311 1585 424 1648 diceret,
432 1611 445 1632 a
453 1585 561 1638 Utinam
571 1584 642 1638 istud
684 1587 754 1660 ptias
766 1585 924 1640 conuehere
935 1605 943 1650 ;
954 1585 1027 1658 quod
1035 1583 1128 1638 iisdem
1138 1593 1195 1638 erat

125 1663 198 1718 mihi
212 1665 246 1716 sit
262 1665 477 1718 manumissionis
487 1683 642 1718 concessum
684 1667 809 1733 vetitum,
821 1668 863 1722 sin
876 1686 891 1720 e
904 1665 1039 1720 contrario
1047 1663 1197 1736 permcdos

127 1761 229 1815 genus,
245 1743 317 1814 quod
331 1764 373 1798 me
390 1745 499 1798 omnino
518 1765 642 1798 securum
685 1746 773 1800 minus
784 1747 914 1800 solemnes
927 1745 1002 1799 lieret
1010 1744 1197 1806 manumissio,

127 1841 146 1876 a
162 1841 235 1876 noro
248 1823 357 1876 servitio
374 1836 487 1895 prestet.
504 1849 515 1870 ι
536 1823 642 1878 Scilicet
685 1836 715 1878 ut
724 1827 767 1882 hic
777 1837 823 1878 est.
832 1825 933 1878 Callide
946 1841 1007 1898 ergo
1016 1825 1098 1897 Syrus
1107 1823 1195 1895 Phry·

127 1902 223 1974 plures
237 1915 313 1956 eraut
334 1904 406 1976 apud
423 1906 554 1958 Romanos
567 1903 642 1958 modi
685 1905 734 1978 gin
747 1923 800 1958 sna
810 1903 883 1957 dedit
892 1908 977 1956 neoda
988 1919 1105 1966 nomen,
1119 1901 1194 1974 prasi

128 1982 228 2053 quibus
236 1981 306 2035 servi
314 1982 513 2036 vindicarentur
523 1986 551 2038 in
561 1985 642 2036 liher-
684 1995 844 2058 prevertene
860 2003 960 2038 norum
980 1983 1083 2044 domini
1095 1983 1136 2036 sui
1148 1983 1194 2034 be·

127 2071 227 2118 tatem,
242 2062 310 2110 modi
319 2065 439 2112 solemnes
451 2061 595 2128 videlicet,
616 2073 642 2114 et
684 2064 818 2117 nellcium.
846 2064 889 2118 Sic
911 2083 1007 2134 nempe
1026 2062 1113 2114 innuit
1135 2080 1195 2114 eam

127 2141 201 2191 modi
209 2142 288 2190 mmus
297 2143 435 2200 solemnem
449 2139 483 2192 ad
494 2140 543 2194 hos
556 2145 642 2212 poete·
684 2143 734 2198 sibi
747 2143 827 2196 faisse
836 2161 987 2197 concessam
996 2141 1154 2198 libertatem.
1163 2153 1195 2194 ut

127 2219 215 2272 riores
228 2218 377 2291 pertinebat
393 2220 565 2273 manumissio
578 2223 643 2272 inter
685 2233 712 2275 et
724 2243 827 2274 uxorem
840 2222 890 2276 eibi
905 2223 988 2294 possit
998 2219 1112 2286 habere,
1127 2233 1153 2272 et
1165 2229 1195 2272 ut

127 2301 236 2360 amicos,
252 2312 284 2352 ut¹
295 2299 327 2351 fit
349 2299 378 2352 in
392 2299 444 2352 hcc
462 2299 557 2353 fabula
574 2302 642 2356 loco.
686 2303 720 2355 sit
729 2321 791 2356 eum
803 2303 861 2374 ipso
874 2303 972 2368 libem
984 2301 1002 2354 i.
1013 2320 1038 2354 e.
1050 2311 1080 2353 ut
1093 2300 1127 2352 sit
1137 2317 1194 2353 om-

127 2379 223 2442 Qnum
235 2389 323 2431 autem
337 2379 373 2432 ita
390 2377 570 2436 vindicaretur
587 2401 642 2435 ser·
685 2382 753 2435 nino
773 2395 800 2436 et
817 2383 933 2454 perfecte
949 2381 1025 2434 liber.
1040 2379 1121 2445 Quod
1138 2381 1195 2452 jam
1291 2413 1295 2421 «

127 2476 180 2511 vus
193 2458 222 2509 in
236 2457 400 2521 libertatem,
418 2459 512 2512 licebat
526 2459 581 2513 lere
590 2459 639 2514 dc·
686 2457 802 2516 vidimus
814 2462 842 2513 in
852 2481 892 2516 vs,
906 2459 1076 2531 praecedenti.
1091 2489 1126 2500 —
1138 2457 1194 2510 No·

128 2537 207 2589 mino
219 2535 286 2589 illud
298 2537 425 2590 libertatis
444 2538 578 2594 retrahere
594 2539 643 2592 do·
686 2560 748 2593 vam
773 2541 845 2592 hanc
870 2537 1110 2608 interpretationem
1143 2537 1196 2591 loci

128 2631 216 2680 num,
237 2615 289 2668 nisi
309 2615 390 2669 modo
414 2617 526 2670 solemni
551 2627 642 2690 postea
685 2615 806 2671 nondum
819 2619 888 2670 bene
906 2615 1039 2688 explanati
1057 2613 1196 2668 nobiscum

128 2707 374 2748 consecraretnrac
391 2696 555 2755 sanciretur,
570 2696 643 2749 etad
686 2695 879 2750 humanissime
914 2693 1121 2747 communicavit
1156 2695 1197 2752 vir
1292 2692 1294 2698 ’

129 2773 160 2828 id
178 2773 275 2826 alludit
299 2791 408 2842 sertus,
429 2791 514 2848 qaum
533 2776 641 2846 plenam
686 2777 757 2829 doct.
768 2777 892 2835 Poncelet,
902 2772 1001 2827 tuende
1013 2774 1118 2828 scientia
1127 2772 1196 2849 juris

129 2853 365 2906 manumissionem
389 2851 519 2926 postula,
545 2865 572 2906 et
590 2869 641 2926 qna
685 2867 743 2908 tum
756 2853 883 2909 deliteris
892 2851 979 2906 latinis
992 2853 1135 2926 saepissime
1143 2873 1198 2908 me·

124 2947 269 3000 perpensum
284 2930 337 2986 sibi
355 2933 439 3006 possit
452 2951 558 3004 sperare
575 2953 641 3005 gau·
684 2933 760 2991 ritus.

129 3009 227 3075 dium,
250 3025 358 3084 propter
381 3023 538 3086 perpetuam
560 3015 642 3067 liber·
723 3033 784 3085 979.
797 3020 895 3082 Optem.
910 3017 978 3082 quid.
1000 3019 1058 3067 mul.
1079 3015 1197 3070 Suband-

128 3101 223 3145 tatem.
279 3105 281 3110 ’
378 3157 381 3165 Ι
688 3091 767 3161 dicit,
788 3093 907 3146 nominat
920 3093 1011 3165 Syrus.
1025 3093 1067 3146 Sic
1081 3105 1198 3148 mutatus

167 3170 229 3238 978.
255 3175 311 3220 Una
335 3188 437 3223 mecam.
452 3170 506 3247 Atti
520 3171 647 3226 omittunt
688 3171 804 3236 Demea,
821 3189 930 3233 omnes,
946 3171 1037 3224 omnia
1050 3173 1198 3226 laudat.-

130 3268 237 3314 mecum,
248 3261 341 3302 contra
353 3269 454 3303 morem
467 3251 596 3304 Terentii.
611 3283 646 3292 -
689 3255 781 3323 Hujus,
800 3243 930 3305 AEschini

129 3329 263 3396 Phrygiam
280 3343 306 3380 ut
320 3349 366 3382 ux.
380 3351 428 3383 me.
439 3329 476 3382 Ut
489 3329 547 3400 ipse
557 3335 647 3397 Syrus,
725 3335 785 3399 980.
794 3333 878 3382 Prima
890 3349 1030 3380 mammam.
1039 3333 1095 3381 ded.
1105 3329 1198 3384 Faern.

128 3404 167 3462 ita
180 3426 249 3460 uxor
261 3409 370 3476 Phrygia
386 3429 396 3458 .·
412 3407 560 3462 secundum
578 3421 647 3461 vete-
686 3414 792 3479 primam
805 3429 838 3462 ex
847 3409 949 3480 aliquot
960 3407 1008 3460 lib.
1022 3407 1139 3480 scriptis.
1163 3437 1198 3450 -α

129 3505 183 3554 res,
194 3485 241 3558 qui
250 3488 332 3541 servis
344 3489 479 3540 nomina'a
492 3487 645 3542 nationibus
689 3493 769 3542 Hodie
778 3509 818 3556 pr.
832 3507 964 3540 mammam
976 3489 1114 3540 deditkoes.
1128 3487 1200 3542 Ridi-

130 3565 316 3637 imponebant.
326 3573 436 3619 Don.—
449 3569 555 3618 Uxorem
566 3587 647 3619 ineam
691 3568 778 3622 culum
796 3567 941 3630 meritum,
962 3565 1034 3636 quod
1058 3567 1199 3638 prebuerit

129 3664 227 3695 merram
241 3648 343 3696 videam
355 3647 466 3698 literam.
479 3646 564 3699 Servis
575 3645 646 3718 apud
690 3665 833 3701 mammam
845 3649 926 3720 jussa.
938 3677 973 3687 -
984 3651 1070 3698 Herale
1088 3635 1198 3698 vero'se'·

131 3725 268 3777 Romanos
281 3724 403 3796 legitimae
416 3725 515 3797 nuptiae
529 3744 584 3778 non
598 3744 647 3798 po·
690 3730 735 3778 n'o.
749 3724 881 3779 Adrerbia
893 3725 1082 3778 confirmantis.

130 3813 221 3856 terant
246 3805 418 3874 contingere,
441 3815 466 3857 et
490 3821 645 3858 concessum
726 3805 786 3874 981.
800 3808 886 3856 Emito·
891 3843 899 3868 ,
918 3822 1000 3856 manu
1018 3802 1096 3863 mitti,
1114 3801 1200 3858 vindi-

129 3883 172 3934 eis
194 3896 251 3935 erat
269 3883 436 3937 solummodo
447 3887 490 3957 jus
505 3883 646 3937 contuber-
690 3885 745 3938 cari
759 3884 788 3936 in
801 3884 955 3937 libertatem.

130 3961 181 4014 nii.
197 3961 226 4014 si
239 3961 360 4015 libertate
375 3975 462 4016 autem
484 3963 647 4016 donarentur
729 3965 789 4031 98²·
803 3966 839 4014 Ob
848 3983 911 4014 eam.
923 3963 979 4014 Ien.
991 3960 1049 4014 cod.
1059 3960 1132 4014 addit
1141 3982 1200 4022 rem.

130 4061 181 4114 per
201 4045 287 4093 ιιιοᾰος
300 4047 418 4094 solemnes
432 4042 506 4108 (vid.
519 4061 578 4113 sup.
593 4053 646 4094 not.
692 4041 820 4112 imperite.
835 4071 870 4080 —
885 4043 979 4109 Quanti
988 4055 1029 4094 est.
1043 4041 1141 4108 Quanti
1151 4041 1200 4094 sihi
