2824 4778
243 381 312 463 ²!ss1

243 514 430 583 Advorsum
445 505 615 578 stimulum
631 500 736 570 calces
751 524 759 568 :

244 622 380 704 Facere,
399 615 534 707 obsequi
547 635 620 704 quae
638 606 771 675 vellent.

476 367 652 442 PUBLII
677 361 927 432 TERENTII
952 359 1073 428 AFRI

778 494 863 590 coepi
882 497 919 562 iis
940 495 1052 564 omnia

789 605 859 672 Da.
875 602 970 670 Scisti
983 601 1031 667 uti
1046 598 1128 666 loro.

138 799 147 818 χ
247 729 288 796 G.
304 727 427 794 Noster
441 718 519 790 mali
537 715 584 786 nil
602 713 782 808 quidquam
802 709 926 802 prim03
946 707 1003 773 hic
1024 703 1173 772 Phaedria
1274 725 1295 760 s.

247 833 416 900 Continuo
433 823 609 920 quamdam
631 832 747 888 nactus
769 830 818 883 est
836 811 1015 907 puellulam

245 935 510 1008 Citharistriam:
532 931 618 998 hanc
636 947 746 995 amare
767 921 867 1013 coepit
886 917 1022 1013 perdite.

246 1047 294 1112 Ea
316 1039 481 1110 serviebat
499 1032 609 1105 lenoni
629 1028 870 1124 impurissimo;
1037 1110 1038 1114 Ἰ

245 1152 376 1240 Neque,
398 1143 487 1240 quod
505 1142 639 1211 daretur
654 1134 851 1230 quidquam,
870 1129 903 1198 id
922 1141 1078 1198 curarant
1096 1139 1215 1220 patres.

246 1249 405 1322 Restabat
419 1249 512 1318 'aliud
530 1246 590 1330 nil,
611 1243 674 1311 nisi
692 1237 805 1310 oeulos
824 1259 973 1330 pascere,
1050 1253 1054 1262 ·

1182 1267 1185 1274 ·
1278 1248 1298 1284 85

249 1359 388 1443 Sectari,
406 1359 440 1425 in
459 1354 574 1423 ludum
593 1349 731 1432 ducere,
753 1359 786 1412 et
803 1343 971 1412 reducere.

248 1465 319 1534 Nos
337 1465 433 1533 otiosi
451 1483 587 1555 operam
609 1449 768 1524 dabamus

788 1447 955 1518 Phaedriae.

237 1555 289 1641 'In
307 1595 374 1666 quo
395 1570 466 1638 haec
484 1563 631 1635 discebat
648 1559 747 1644 ludo,
767 1554 985 1624 exadvorsum
1004 1553 1034 1620 ei
1053 1553 1147 1622 loco.

250 1753 337 1802 Davo.
347 1777 378 1788 -
391 1752 475 1807 lirae,
484 1759 576 1794 omues
585 1737 626 1790 hae
636 1736 760 1789 rationes.

251 1859 286 1870 —-
301 1827 345 1880 sie
355 1825 422 1878 libb.
435 1821 521 1874 Bentl.
533 1821 566 1872 Iu
575 1819 622 1870 Fa.
636 1817 725 1885 script.
737 1823 762 1864 et

251 1907 315 1959 edit.
330 1924 388 1956 uam
404 1922 469 1970 quae.

286 1988 329 2057 78.
343 1988 434 2036 Calces.
445 1983 507 2033 Vet.
522 1981 619 2048 interp.
634 1989 762 2043 opponere.

251 2066 302 2122 Sed
312 2066 419 2136 Guyeto
433 2063 460 2114 eb
475 2063 553 2110 calces
568 2067 607 2107 est
618 2049 763 2104 nominati-

253 2163 302 2199 vus
315 2142 436 2214 pluralis.
448 2169 484 2180 --
495 2141 588 2198 Calees,
601 2132 674 2186 deest
682 2135 763 2199 jacta·

253 2243 291 2282 re,
307 2235 336 2274 ut
350 2221 379 2272 lit
392 2237 441 2292 per
454 2219 554 2284 meldis
569 2215 598 2265 in
612 2209 764 2284 proverbia-

253 2303 323 2354 libus
350 2317 419 2370 scpe
443 2293 630 2348 locutionibus.
653 2290 764 2341 Proser·

254 2383 328 2434 bium
343 2390 393 2432 -est
411 2377 492 2430 etiam
513 2373 682 2449 Gqaecorum:
705 2372 763 2439 πρὸς

255 2461 492 2533 κέντραλακτίζειη
511 2449 634 2506 etNostri
651 2465 766 2520 quoque,

257 2543 376 2610 regimber
387 2551 472 2590 contre
487 2537 604 2601 l'dperou.
622 2559 656 2571 -—
668 2529 712 2594 Iis,
732 2525 765 2579 ad

257 2619 397 2675 arbitrium
409 2633 510 2688 eorum.

294 2721 336 2769 79.
352 2705 425 2750 Foro.
435 2696 496 2747 Vct.
509 2695 605 2762 interp.
620 2690 767 2756 negotia·-

259 2781 366 2846 Obsequr'
378 2795 441 2844 quse.
455 2775 476 2824 Ι.
488 2793 510 2825 e.
525 2773 626 2837 obsequi
636 2769 768 2820 seeumiuue

260 2879 290 2910 ea
303 2877 358 2924 quae
371 2859 471 2906 uellent.
485 2881 520 2891 --
531 2851 639 2917 Utiforo
649 2885 656 2909 ‚
668 2858 769 2915 tempo-

253 2938 333 2988 ribus
343 2933 452 2994 servire,
459 2929 626 2982 occasionem
636 2924 767 2992 arripere:

260 3011 382 3083 exemplo
391 3008 598 3080 negotiatorum,
609 3001 656 3072 qui
663 3019 712 3072 pro
726 3019 771 3052 an·

254 3089 472 3149 concretione,
495 3083 613 3156 pretium
638 3079 771 3131 mercibus

263 3175 316 3227 suis
330 3179 457 3224 statuunt.
473 3172 535 3217 Mer.
550 3165 653 3215 casaub.

277 3296 278 3301 ,
299 3255 341 3306 80.
352 3255 451 3302 Noster.
470 3243 596 3313 Antipho.
611 3270 646 3280 -
660 3241 724 3289 Mali
737 3243 773 3291 uit

263 3337 412 3402 quidquam,
425 3325 509 3397 suppl.
523 3321 586 3374 fecit
594 3357 601 3384 ,
610 3317 724 3371 admisit.
736 3347 772 3359 -

264 3415 345 3462 Primo
350 3431 361 3469 ,·
372 3409 442 3459 bene
459 3403 583 3457 additum
596 3401 690 3467 primm·
710 3401 773 3470 quia

264 3509 319 3543 non
328 3500 454 3556 perpemo.
465 3486 534 3536 Don.
547 3509 583 3520 -
592 3481 647 3541 Hic,
660 3491 753 3530 vester.

300 3567 475 3620 &securiaco
489 3559 572 3625 Quasi
584 3559 629 3611 vix
641 3568 774 3628 exspecta·

267 3649 334 3704 verit
344 3643 532 3719 profectionem
546 3639 636 3710 patris.
649 3644 713 3691 Dou.

303 3729 345 3780 82.
356 3722 577 3778 recitatoribus.
587 3719 649 3772 Istis
662 3719 776 3770 nomini·

265 3812 316 3863 bus
327 3809 372 3860 hio
383 3806 469 3876 agitur
480 3841 488 3867 ,
499 3811 528 3852 ut
546 3816 622 3852 causa
635 3799 732 3852 amoris
750 3809 776 3850 et

266 3907 298 3940 ex
312 3897 399 3952 atate,
410 3895 436 3937 et
449 3901 480 3936 ex
493 3893 549 3934 arte
562 3877 783 3950 puellevidere„

267 3979 317 4018 tur.
328 3965 396 4018 Nam
406 3962 467 4016 ideo
475 3964 610 4030 puellulam
618 3956 694 4010 dixit.
708 3963 772 4008 Dos.

265 4077 302 4089 ω
314 4049 424 4107 Perdice,
438 4055 532 4115 praeter
544 4039 664 4094 modum.

841 1730 884 1784 83.
898 1737 936 1781 Ea
945 1749 1003 1786 serv.
1016 1743 1067 1783 etc.
1077 1730 1141 1782 Erat
1147 1730 1218 1781 enim
1229 1727 1301 1782 citha·

805 1812 891 1864 ristria
909 1809 1136 1876 ancillalenonis,
1149 1827 1205 1862 uon
1218 1809 1300 1861 libera.

805 1891 892 1954 Hinc,
907 1891 943 1942 ait
957 1891 1024 1942 Don.
1041 1907 1138 1960 magna
1156 1887 1302 1959 praeparatio

805 1969 839 2021 ad
858 1987 948 2021 rerum
964 1967 1148 2020 difficultatem
1174 1966 1302 2019 imminea-

805 2049 871 2102 tium
881 2065 888 2099 :
900 2047 1026 2119 puellula,
1038 2046 1211 2112 citharistria,
1222 2061 1304 2098 avarus

805 2129 884 2193 leno,
902 2129 1003 2180 amator
1015 2125 1149 2197 perditus,
1170 2125 1265 2196 iuopia.
1275 2152 1304 2162 -

807 2211 984 2276 impurissimo,
1008 2207 1077 2268 fere,
1099 2205 1177 2277 quasi
1196 2203 1302 2257 diceret:

807 2287 853 2358 qui
863 2287 931 2339 nibil
943 2287 1056 2340 habebat
1068 2303 1183 2338 sacrum.

843 2371 885 2430 84.
901 2373 996 2434 Neque,
1005 2377 1054 2418 etc.
1062 2364 1186 2418 Ordine:
1199 2375 1224 2416 et
1232 2373 1305 2435 patres

807 2459 963 2501 curaverant
984 2445 1029 2509 id,
1048 2459 1077 2498 ut
1095 2438 1159 2506 uon¹
1171 2442 1305 2514 quidquam

806 2529 925 2587 daretur,
941 2526 958 2579 i.
972 2545 996 2578 e.
1010 2521 1209 2595 dari'possetAEi
1219 2539 1306 2592 expuu-

809 2625 866 2677 με,
880 2618 909 2657 ut
919 2598 1000 2658 Zeun.
1014 2607 1112 2671 Neque,
1125 2605 1196 2670 quod
1210 2605 1305 2658 dareurr,

810 2690 961 2755 quidquam
976 2687 1004 2735 id
1018 2703 1069 2734 eur.
1082 2697 1138 2750 pac.
1152 2681 1246 2734 ordine
1258 2695 1307 2730 mu·

811 2763 892 2819 tando
910 2763 979 2816 nibil
997 2779 1064 2834 opus
1080 2774 1126 2815 est.
1136 2792 1172 2802 -
1189 2766 1307 2813 curarant.

812 2846 924 2904 Gallice,
931 2865 953 2908 y
968 2845 1069 2895 avaient
1084 2845 1130 2892 mis
1144 2845 1192 2892 bon
1207 2844 1280 2892 ordre.

848 2926 891 2976 86.
902 2925 1008 2986 Sertori,
1022 2921 1177 2990 frequenter
1190 2919 1268 2991 sequi.
1281 2946 1310 2956 ν

813 3010 842 3054 Iu
854 3007 949 3066 ludam,
960 3001 1007 3054 ubi
1020 2999 1140 3052 discebat
1153 2997 1309 3052 citharistria.

850 3083 891 3150 87.
902 3087 966 3144 Nos,
980 3097 1029 3150 ego
1042 3091 1068 3131 et
1080 3079 1206 3149 Antipho.
1218 3078 1265 3130 vet
1275 3093 1311 3146 pc

814 3162 882 3227 tius,
902 3159 1021 3236 Antipho
1047 3159 1136 3211 solus:
1164 3173 1235 3210 noue
1248 3159 1312 3224 jesue

813 3246 917 3293 lomene.
932 3261 967 3280 -’-
980 3241 1075 3302 Otiosi,
1084 3237 1193 3308 quibus
1211 3249 1313 3290 vacuum

815 3319 849 3371 ab
868 3318 941 3370 omni
959 3335 1049 3368 amore
1063 3327 1164 3386 pectus.
1179 3316 1215 3367 Et
1233 3311 1314 3367 relatio
1367 3303 1369 3308 ¹

815 3410 871 3460 est,
885 3409 914 3448 ut
928 3396 1037 3449 adnotat
1049 3393 1221 3448 solertissime
1233 3397 1315 3446 Donat.

800 3525 803 3536 .
816 3477 849 3532 ad
860 3475 927 3529 illud
934 3475 1007 3548 quod
1016 3493 1078 3528 mox
1088 3475 1166 3528 otiosi
1176 3492 1232 3526 nou
1242 3480 1316 3526 erunt.

817 3588 852 3600 -
867 3563 972 3624 Operam
990 3558 1126 3618 dommus,
1151 3553 1238 3606 amori
1257 3551 1317 3603 illius

817 3636 979 3690 favebamus.
1131 3625 1135 3635 ’

854 3718 898 3770 88.
913 3719 1010 3766 Exodv.
1023 3714 1054 3764 L.
1068 3710 1160 3764 Bemb.
1175 3731 1210 3762 ex
1220 3715 1318 3762 aduerso.

819 3829 854 3839 -
866 3803 895 3846 In
909 3815 957 3862 quo
968 3797 1039 3854 ludo,
1056 3796 1080 3843 εἰ
1087 3795 1141 3844 loeo
1157 3796 1319 3842 exadvorsum.

819 3877 931 3954 Videtur
942 3873 1070 3946 quiddam
1086 3871 1114 3922 in
1132 3871 1176 3923 bis
1194 3872 1320 3940 crepitum

819 3973 845 4012 et
855 3968 893 4010 est
904 3954 1003 4008 locutio
1011 3971 1142 4023 graeca.-
1148 3955 1322 4004 Exadvorsmm

800 4091 802 4096 ,
820 4049 910 4090 contra
919 4035 1005 4106 ipsum
1019 4033 1116 4086 locum.
