2864 4776
333 309 598 422 anonimo.
620 349 725 418 Act.
754 352 804 435 v,
831 351 900 419 se.
929 351 1003 418 111.
1117 350 1193 448 319

417 551 630 645 SCENA
665 555 927 642 TERTIA.

254 770 477 838 nummo.
500 769 816 839 unnstsrmm.
846 771 1072 840 CHREMES.

133 951 202 1018 Dn.
225 947 393 1042 Agedum,
411 959 450 1014 ut
468 945 571 1033 soles,
589 945 813 1034 Nausistrata,
839 945 892 1015 fac
910 945 967 1015 illa
987 963 1025 1016 ut
1049 945 1197 1042 placetur

294 1053 409 1136 nobis,

133 1162 185 1228 Ut
198 1183 257 1227 sua
266 1157 447 1246 voluntate,
460 1157 495 1226 id
505 1157 595 1251 quod
607 1173 657 1226 est
667 1155 871 1244 faciundum,
882 1157 990 1226 faciat.
1003 1158 1046 1226 N.
1056 1163 1196 1232 Faciam.

78 1263 83 1272 ¹
134 1268 203 1334 Du.
227 1267 353 1332 Pariter
366 1289 455 1333 nunc
469 1289 571 1359 opera
587 1289 640 1332 me
656 1263 811 1356 adjuves,
834 1289 871 1332 ac
889 1263 1015 1332 dudum
1035 1291 1071 1333 re
1087 1269 1198 1361 opitu·

300 1369 365 1438 lata
384 1395 429 1439 es.
1162 1387 1199 1437 7⁸⁵

135 1477 181 1545 N.
198 1479 336 1545 Factum
354 1474 448 1559 vole,
464 1500 503 1546 ae
518 1475 574 1570 pol
592 1477 701 1544 minus
719 1500 804 1570 queo
823 1475 885 1543 viri
903 1473 1019 1570 culpa,
1032 1501 1131 1572 qnam
1146 1504 1199 1548 me

252 1577 435 1675 ‘'s“dignum
450 1580 502 1650 'st
897 1573 899 1586 ¹

137 1690 203 1755 De.
241 1675 488 1776 Quid...autem?
519 1687 561 1756 N.
589 1687 676 1776 Quia
696 1685 753 1781 pol
774 1685 839 1755 mei
862 1687 965 1781 patris
990 1687 1075 1756 bene
1105 1705 1200 1784 parta

299 1789 508 1888 indiligenter

137 1901 280 1966 Tutatur
296 1923 303 1965 :
317 1891 398 1966 'nam
416 1923 457 1968 ex
474 1899 525 1968 his
543 1897 672 1992 praediis
690 1895 813 1966 talenta
833 1899 961 1992 argenti
981 1898 1059 1967 bina

140 2006 260 2072 Statim
283 2003 457 2098 capiebat:
478 2005 572 2093 hem,
592 2005 644 2072 vir
663 2004 736 2073 viro
753 2003 832 2099 quid
854 2001 1002 2096 pra-astat!
1020 2009 1084 2075 Dn.
1102 2008 1202 2096 Bina,
1275 2039 1278 2047 Δ

226 2185 227 2188 ¹
297 2109 428 2204 quaeso?

145 2295 148 2302 ·
176 2267 222 2320 sa.
235 2284 283 2328 111,
296 2267 391 2320 Divitis
403 2260 494 2321 uxoria
506 2266 542 2320 de
555 2267 652 2320 marito
696 2277 797 2318 mutua.
808 2264 894 2336 Supra
907 2267 995 2332 enim,
1008 2271 1123 2336 vodilo,
1136 2270 1207 2325 dixe·

140 2346 263 2403 licentius
276 2347 464 2418 conquerentis
482 2347 540 2398 haec
555 2347 655 2399 allocu-
696 2357 738 2396 rat
746 2345 891 2398 Chremes:
906 2371 917 2392 ι
926 2347 993 2400 Inde
1003 2367 1125 2402 sumam:
1142 2369 1208 2404 uxo·

141 2425 180 2478 tio
194 2436 241 2490 est,
249 2443 311 2478 cum
319 2425 494 2496 dispositione
503 2425 653 2476 futurarum
697 2422 733 2486 ri,
744 2424 793 2475 tihi
804 2441 872 2494 opus
882 2443 938 2477 esee
952 2425 1078 2478 dixero.»
1088 2433 1152 2481 Dan.

141 2505 290 2556 turbarum.
300 2509 395 2556 Donat.
410 2534 446 2544 —
458 2504 571 2556 Soennm
584 2503 654 2554 hane
734 2503 793 2578 78ᾷ.
810 2507 910 2552 Factum
925 2508 992 2556 vala.
1004 2505 1065 2558 Non
1078 2519 1117 2558 est
1134 2509 1207 2579 quod

142 2582 287 2638 delendum
309 2583 398 2636 censet
416 2581 554 2654 Guyetna,
572 2599 654 2652 quem
697 2578 790 2632 Gallus
813 2581 907 2650 aliquia
926 2583 1024 2636 credat.
1044 2584 1120 2636 Idem
1136 2588 1208 2640 enim

142 2663 283 2715 confutant
295 2661 428 2714 Boeolerus
447 2673 474 2712 et
499 2659 597 2722 Faber3
610 2659 655 2711 ille
700 2670 739 2711 eat
751 2659 842 2724 latine,
853 2671 932 2729 atque
943 2661 972 2713 id
984 2662 1055 2732 quod
1071 2663 1131 2715 alibi
1145 2665 1211 2718 dixit

50 2745 58 2760 '
142 2741 255 2812 quidem
275 2740 443 2794 solertissima
464 2739 543 2792 totius
561 2739 655 2792 fabula
699 2738 918 2790 Terentiusznon
934 2742 1211 2810 matofactn1n;aliter

143 2819 333 2892 indagatione3
348 2819 393 2872 hic
412 2837 489 2884 vero,
506 2817 657 2870 acutissima
701 2817 800 2871 diceres
817 2835 825 2871 :
844 2819 894 2871 «id
913 2839 955 2873 me
969 2821 1061 2874 fecisse
1075 2821 1187 2892 gaudeo.
1198 2851 1211 2870 η

144 2911 172 2952 et
184 2899 378 2970 elegantissima
390 2898 486 2950 nonin.
508 2899 582 2962 Quos
596 2896 657 2952 vide
701 2901 762 2948 Fab.
773 2927 808 2938 -
821 2900 985 2966 Minusque,
1002 2917 1079 2970 supp.
1095 2901 1136 2954 vel
1148 2903 1211 2964 tibi,

145 2979 257 3049 interpr.
269 2980 297 3030 in
308 2979 423 3031 editione
434 2977 547 3048 anglica.
701 2977 743 3031 vel
753 2977 845 3030 amicis
858 2977 915 3029 aliis
925 2978 1060 3048 opitulari.

183 3057 244 3127 783.
257 3062 304 3109 Illa
314 3071 348 3110 ut.
360 3057 419 3110 Lib.
430 3057 514 3128 antiq.
523 3058 610 3108 utillo.
623 3083 657 3096 -
738 3057 797 3126 787.
821 3063 887 3108 Bana
904 3071 991 3125 parta.
1015 3056 1095 3110 Bonis
1113 3058 1212 3112 anthus

149 3143 183 3188 Ut
195 3141 267 3188 sales.
280 3137 328 3188 His
340 3137 426 3189 verbio
446 3135 658 3188 benevolentiam
701 3135 835 3205 aequisita.
1250 3187 1253 3194 ,

147 3227 262 3286 captat:
283 3234 332 3285 pro
352 3215 429 3268 solita
448 3227 494 3267 tua
513 3214 620 3267 solertia
633 3225 659 3266 et
738 3212 1209 3284 788.Tntatur,servat‚administrat;

147 3295 441 3356 humanitate.·-Illa‚
455 3293 597 3346 Phanium.
702 3311 739 3346 sc.
751 3293 870 3345 maritus.
1059 3335 1064 3340 .

185 3375 246 3443 784.
259 3377 292 3424 Id
302 3378 370 3440 quod
381 3387 419 3424 ast
425 3375 448 3440 f.
464 3373 548 3424 Abeat
561 3371 660 3426 scilicet
739 3373 801 3442 789.
817 3375 890 3423 Bina.
901 3369 943 3422 Al.
957 3373 1059 3424 Binan'.
1078 3375 1213 3439 -Seatim,

148 3451 185 3504 ab
197 3453 352 3522 Antiphone
365 3452 439 3516 viro,
452 3462 564 3522 nuptum
578 3452 661 3504 Phor·
704 3460 845 3521 perpetuo,
857 3449 1002 3521 aqualiter,
1013 3450 1088 3521 quasi
1098 3469 1153 3504 uno
1164 3466 1216 3506 sta-

149 3530 242 3582 ntioni.
252 3561 288 3570 --
297 3534 412 3596 Faciam,
422 3543 454 3583 ut
464 3531 591 3602 placetur.
704 3542 750 3594 tu,
763 3529 798 3580 ait
812 3529 878 3582 Don.
892 3541 919 3580 et
932 3529 1011 3580 habet
1026 3529 1142 3600 primam
1160 3533 1217 3584 lon·

188 3607 249 3678 785.
263 3613 377 3680 Adjooas.
386 3612 451 3663 Var.
464 3614 567 3678 adjuvas
572 3611 662 3676 ,natja
705 3624 779 3680 gam:
791 3607 1218 3679 quandoautemsignilicataliud,

151 3708 192 3740 va.
202 3693 384 3742 —Dadnrtra
395 3689 454 3740 Lib.
462 3690 554 3742 Bemb.
565 3707 592 3740 re
601 3692 660 3740 dud.
705 3689 820 3762 primam
835 3690 943 3742 brevem
956 3690 1046 3742 habet.
1056 3691 1165 3744 -We
1175 3709 1216 3742 ex-

151 3797 188 3807 —-
200 3773 261 3818 Par..
272 3787 348 3830 nuno,
363 3780 413 3822 etc.
426 3767 547 3831 Ordine,
562 3766 626 3818 nunc
637 3787 663 3834 p.
706 3769 815 3840 pliona
824 3769 934 3840 siugulis
943 3769 1071 3836 annis,ut
1079 3788 1217 3842 nunquam

150 3865 185 3896 aa
193 3849 388 3902 dudem-Par.
401 3867 439 3899 aa.
455 3849 522 3910 Est,
536 3866 609 3918 eque
622 3859 663 3900 at·
707 3848 838 3901 minuo·-
844 3853 904 3915 Cap.
914 3865 951 3900 se.
966 3860 1040 3919 pater
1051 3867 1170 3901 meuse·
1177 3851 1221 3898 Vir

150 3943 215 3995 que,
230 3925 324 3980 itidem
341 3938 382 3980 nt}
393 3933 532 3994 -Opera,
543 3926 665 3989 coneilio,
708 3930 764 3980 uiro
778 3947 804 3995 q.
817 3941 903 3995 praest.
917 3928 1005 3992 Quam
1024 3940 1086 4002 sung
1102 3927 1152 3980 viri
1165 3929 1221 3980 aliia

152 4003 259 4057 verbis..
270 4037 305 4048 -
323 4012 361 4058 Aa
380 4010 473 4058 dedum
495 4025 528 4057 re.
551 4005 666 4059 Pecunia
710 4007 753 4060 alii
763 4005 967 4079 praestantiores.
978 4005 1099 4062 Eunnuh.
1115 4025 1139 4061 v.
1152 4006 1221 4062 232:
