2824 4778
343 420 608 492 PHORMIO.
637 422 746 494 Aet-¹.
776 421 833 520 ll,
860 420 929 502 SC.
958 421 984 486 1.
1127 417 1220 488 261.

129 551 300 630 Demiror.
313 552 355 620 G.
370 551 471 645 Atqui
489 555 597 648 reperi
607 553 677 648 jam
693 579 701 621 :
719 551 809 622 aliud
823 576 915 621 cura.
928 555 994 622 Du.
1010 551 1065 633 An,
1079 551 1145 633 hoe
1157 551 1204 628 di·
1278 633 1280 642 Ι

292 671 346 726 (iet
362 658 467 726 milti:
519 711 522 718 ·
1166 680 1204 721 23⁵

136 793 154 834 a
171 763 302 832 Invitus
321 762 405 851 feci3
424 762 477 832 lex
491 766 600 860 coegit
621 764 663 834 nl
680 765 796 854 audio,
815 725 931 834 fateoi.
940 767 982 834 G.
999 761 1122 834 Places.

132 873 200 939 De.
210 871 339 937 Verum
350 871 526 957 scientem,
539 873 696 962 tacitum,
708 896 842 942 causam
852 871 984 942 tradere
992 870 1204 958 adversariis,

132 977 288 1046 Etiamne
296 975 330 1044 id
343 974 396 1044 lex
407 976 535 1072 coegit?
549 981 640 1048 Pnn.
648 977 736 1060 Illud
742 979 925 1059 durumG,
933 980 1007 1072 Ego
1017 975 1207 1072 expediam,

295 1083 373 1162 sine.

134 1191 178 1264 D,
194 1190 365 1257 Incertum
382 1187 423 1258 ’st
437 1190 517 1284 quid
528 1215 625 1285 agam
638 1217 645 1259 :
660 1193 739 1285 quia
748 1204 870 1286 praeter
888 1215 982 1286 spem
994 1204 1093 1284 atque
1103 1189 1209 1272 incre·

297 1293 396 1371 dibile
415 1295 482 1376 hoc
500 1296 547 1372 mi
561 1297 692 1391 obtigit.

134 1403 189 1469 lta
202 1425 277 1470 sum
293 1402 459 1491 irritatus,
472 1405 620 1472 animum
634 1418 673 1474 ut
685 1427 848 1498 nequeam
866 1402 909 1472 ad
927 1403 1140 1498 cogitandum
1153 1403 1209 1472 iu-.

296 1509 444 1578 stituere.
1169 1535 1208 1580 ‚aa

134 1613 367 1714 Quamobrem
376 1640 507 1702 omnes,
517 1641 620 1710 quum
631 1615 784 1701 secundae
796 1641 848 1687 res
860 1631 938 1686 sunt
950 1639 1121 1700 maxume,
1137 1629 1211 1694 tum

296 1745 451 1790 maxume

809 1879 815 1910 l

135 1945 217 1989 uuam
230 1927 301 1984 renis
314 1929 463 1988 orationem
478 1931 613 1986 actoribus
625 1943 652 1986 et
694 1929 745 1986 cile
757 1928 930 1986 obtinendam
951 1928 1051 1982 offerre
1063 1926 1207 1994 videretur.

135 2009 241 2064 theatro
259 2022 336 2081 poeta
354 2011 526 2082 gratificatur.
548 2017 650 2064 Boecler.
732 2011 793 2063 238.
812 2015 866 2080 Ego
884 2012 1024 2078 expetitam.
1046 2008 1108 2060 Haec
1130 2009 1208 2062 Bent.

136 2121 171 2130 -
184 2093 235 2141 Vix
252 2093 360 2142 tandem.
374 2090 438 2144 Haec
458 2091 525 2144 Geta
542 2110 557 2144 a
577 2102 651 2161 tergo
695 2089 787 2141 tribuit
808 2088 945 2144 Phaedriae.
967 2091 1091 2140 -Illud
1110 2091 1210 2140 darum.

135 2169 207 2222 senis
228 2188 292 2225 curu
306 2168 435 2224 Pbaedria.
451 2201 485 2211 -
505 2174 572 2238 Quid
594 2171 655 2221 mili
696 2166 768 2220 Illud
782 2179 820 2221 eet
837 2168 865 2219 in
880 2186 934 2238 quo
946 2177 998 2220 atat
1011 2165 1152 2219 discrimen
1161 2203 1175 2232 ,¹
1184 2175 1211 2233 et

136 2247 312 2300 dicenta’Vid.
324 2246 358 2300 ad
373 2249 474 2302 calcem
486 2249 568 2321 hujus
578 2249 653 2301 fabu·
696 2247 848 2302 difficultas.
861 2249 1059 2318 -Ercpediamg
1069 2245 1211 2298 difficulta-

137 2328 179 2391 lae,
189 2346 244 2399 qua
253 2328 470 2382 rationercenam
477 2328 548 2382 hanc
556 2328 654 2401 partim
696 2337 734 2380 ter
752 2345 818 2399 quat
832 2325 990 2380 reformidat
1003 2325 1141 2383 amovebo.¹
1156 2325 1212 2378 Sci-

135 2407 255 2459 imitatus
268 2407 350 2460 fuerit
363 2419 466 2462 nostrae
478 2409 617 2464 Moericum
696 2409 759 2460 licet
768 2408 843 2460 timet
852 2405 973 2458 Phaedria
984 2423 1019 2457 ne
1030 2405 1094 2459 velit
1104 2404 1213 2457 omnino

174 2487 236 2540 235.
261 2493 310 2541 An.
333 2488 393 2541 Lib.
418 2489 502 2562 antiq.
529 2511 602 2542 anne.
617 2521 654 2530 —
697 2506 780 2540 senex
790 2482 1213 2558 nossequidritdebitnuptiit3

136 2569 212 2620 dicet.
233 2568 263 2620 C.
290 2569 325 2620 G.
344 2589 381 2620 m.
396 2565 455 2623 Hal.
472 2582 498 2623 et
518 2569 595 2622 multi
608 2568 654 2621 alii
698 2579 724 2620 et
739 2583 814 2620 tuum
828 2563 852 2617 ei
867 2582 974 2636 operam
988 2562 1053 2616 Geta
1068 2562 1213 2634 promittit,

137 2650 230 2699 dicent.
250 2647 312 2700 Non
330 2660 416 2714 recte;
434 2668 497 2701 nam
517 2648 654 2720 sequitur,
698 2645 779 2700 verba
793 2643 895 2696 scilicet
911 2641 1074 2713 Demiphoni
1087 2640 1212 2693 daturus.

138 2728 290 2795 incitassecr'
297 2764 305 2790 ,
320 2727 412 2781 eatlem
430 2746 544 2800 persona
563 2727 655 2798 singu·
736 2724 795 2789 239.
807 2729 927 2774 Incertum
939 2725 982 2786 'st,
991 2731 1041 2772 etc.
1051 2719 1136 2784 Quasi
1145 2717 1214 2772 dice·

138 2805 197 2857 lari.
210 2835 248 2846 -
264 2811 384 2858 Demiror.
403 2807 509 2861 Nescio.
523 2809 591 2861 Nam
606 2805 655 2858 ad·
698 2814 748 2864 ret,
757 2806 864 2854 incertus
873 2799 1053 2852 tum-Duos
1062 2800 1111 2852 hos
1122 2817 1213 2852 verene

139 2885 310 2938 mirationem
320 2887 471 2956 ignorantia
480 2887 550 2940 facit.
562 2891 654 2938 Donat.
698 2881 792 2935 Dionis
801 2879 883 2934 Cassii
893 2880 959 2945 ieta,
971 2880 993 2932 ἰν
1006 2881 1074 2951 μέρει
1085 2879 1215 2950 παραφρά-

140 2967 265 3032 -Atqni
279 2969 358 3034 reperi
363 2969 427 3036 jam.
440 2966 503 3019 Hac
520 2967 587 3022 Geta
605 2958 656 3016 ‹lo-
700 2982 772 3023 σεως,
792 2961 939 3033 explicent:
954 2959 1010 3012 ὅταν
1022 2961 1070 3031 γάρ
1084 2979 1108 3012 τι
1124 2957 1215 3030 inpac-

140 3044 215 3096 mino
230 3062 337 3098 aversus
355 3064 464 3111 secum,
479 3057 504 3099 et
521 3065 582 3099 mox
597 3063 657 3116 quar
701 3041 810 3102 δοκήτως
823 3040 867 3094 τινὶ
880 3039 922 3092 καὶ
934 3038 998 3110 μετὰ
1008 3040 1119 3091 πλείστου
1134 3057 1215 3108 παρα·

141 3135 290 3194 sequuntur
308 3123 403 3178 eodem
420 3125 510 3178 modo.
527 3155 564 3167 ·-
582 3127 660 3176 Aliud
700 3123 773 3196 λόγου
785 3122 922 3192 προσπέσῃ,
937 3119 965 3172 rc'
979 3137 1005 3170 τε
1016 3119 1126 3188 φρόνημα
1142 3123 1214 3171 αὑτοῦ

64 3263 68 3272 ,
142 3223 211 3256 cura.
224 3205 264 3256 Ne
277 3204 311 3255 sis
325 3203 453 3258 sollicitus
466 3204 499 3258 de
515 3215 605 3258 nostra
617 3223 659 3256 ex·
701 3203 818 3264 ταπεινοῖ,
830 3198 872 3252 καὶ
882 3199 908 3251 τὸ
921 3198 1069 3269 λογιζόμενον
1080 3197 1216 3265 tertiaeet,

143 3283 300 3348 cusatione,
326 3296 419 3354 parata
444 3297 508 3339 est:
530 3285 597 3338 aliar
618 3301 659 3336 ree
704 3283 761 3334 ὥστ’
776 3281 847 3333 αὐτὸν
860 3277 972 3330 κάκιστόν
981 3294 1008 3328 τε
1021 3275 1063 3327 nai
1077 3275 1218 3327 ἀσθενέστα-

143 3381 227 3425 cura,
242 3363 341 3414 oboue
353 3363 495 3436 Demipho.
508 3372 608 3417 Iurene.
703 3380 743 3414 τσν
769 3366 816 3412 τῶν
841 3357 969 3425 πρακτέων
993 3354 1073 3425 κριτὴν
1099 3357 1216 3426 γενέσθαι.

183 3441 243 3494 236.
258 3447 355 3494 Fateor.
364 3443 406 3494 Al.
420 3459 444 3493 et
449 3445 545 3510 fateor.
556 3474 591 3485 -
601 3447 661 3495 Pla·
705 3443 837 3491 Boeclerus.

145 3540 197 3582 ces.
214 3519 246 3570 C.
259 3519 293 3572 G.
308 3539 344 3574 m.
354 3525 446 3588 placet.
461 3553 496 3562 -
507 3527 604 3586 Audio,
615 3540 662 3594 ap·
743 3523 803 3580 atio.
818 3519 901 3570 Instit.
915 3511 1067 3578 intendere,
1081 3511 1218 3567 adhibere.

146 3599 288 3670 probantis
302 3600 391 3654 invite.
402 3632 436 3641 —
446 3605 546 3667 Places,
557 3613 662 3674 gratum
744 3603 803 3660 ²4¹·
815 3599 977 3664 Quamobrem
986 3605 1081 3654 omnes,
1092 3602 1141 3644 etc.
1151 3583 1220 3666 litote

148 3691 188 3730 est
201 3678 267 3730 mibi
278 3678 351 3750 quod
365 3677 440 3733 dicis.
538 3736 543 3745 ,
707 3677 821 3750 graviter
831 3675 947 3746 incepta,
956 3670 1088 3726 subtiliter
1096 3669 1221 3734 deducta,

187 3757 246 3826 ²³7·
273 3765 361 3808 Verum
383 3762 512 3825 scientem,
528 3773 577 3814 etc.
595 3765 665 3814 Con·
706 3772 828 3828 personae
846 3753 916 3806 senia
927 3764 954 3804 et
967 3747 1164 3822 perturbationi
1178 3767 1223 3802 re·

148 3846 239 3888 strue:
256 3840 355 3902 Vemm,
363 3841 469 3890 etiamne
481 3843 524 3890 lex
534 3841 616 3906 coegit
627 3841 665 3904 id,
707 3853 768 3888 rum
779 3844 848 3904 apta.
861 3832 947 3897 Quam
961 3825 1100 3881 commode
1113 3825 1166 3879 hoc
1180 3826 1223 3882 dis

150 3915 207 3967 rcil.
218 3918 348 3983 scientem,
357 3913 549 3970 etc-Causam
561 3911 665 3970 tradere.
708 3913 778 3968 xerit
788 3910 930 3964 Terentius
942 3926 957 3959 a
971 3905 1138 3979 philosophia
1150 3923 1222 3959 sum·

152 3995 196 4056 lta
209 3995 371 4066 negligenter
382 4016 410 4050 ee
422 3995 494 4070 apud
507 3994 607 4069 judicet
619 3995 665 4050 de·
708 4007 786 4066 ptum
795 3986 910 4043 ostendit
920 3988 1031 4051 Cicero,
1049 3985 1158 4038 Tuscul.
1176 4004 1224 4052 nr,

151 4071 277 4139 feudare,
294 4087 323 4126 ut
343 4094 452 4130 cautam
464 4075 620 4131 adversariis
632 4076 668 4130 fa·
715 4079 759 4148 14,
773 4070 856 4125 allato
868 4067 949 4122 simili
960 4063 1094 4188 Euripidis
1105 4066 1171 4119 loco.
1244 4064 1252 4074 ’”

975 4189 1017 4270 17
