2834 4788
338 312 673 402 DRAMATIS
707 310 1029 406 PERSONAE.

616 485 749 506 -u-uu—

154 589 307 673 MICIO,
326 611 443 675 senex3
465 587 567 657 freter
587 591 722 658 Demere
729 603 849 684 ,pater
868 589 1043 686 adoptivus
1061 590 1217 660 AEschini.

206 696 339 764 Nomen
359 718 521 788 graecum,
539 693 704 764 aMsnlos.
1155 730 1157 740 ν

154 801 330 887 DEMEA,
351 824 467 888 senex,
486 799 588 870 freter
603 798 775 898 Micionis,
793 815 887 906 peter
902 800 1052 874 AEschini
1067 815 1102 870 et
1112 802 1217 871 Ctesr
1307 865 1314 876 .

207 906 336 1000 phonis.
352 895 421 972 Afro
436 931 492 974 του
476 897 618 1000 δήμου,
633 929 658 975 a
664 906 782 1002 plebe
796 931 897 1001 quast
894 907 1066 1002 plebeius
1076 905 1216 988 -Vel,
1312 895 1316 902 ¹

56 1041 60 1049 ·
206 1003 258 1099 (ut
278 1011 405 1080 derivet
424 1005 565 1103 Muret.)
587 1013 687 1081 domo
709 1019 861 1108 antiquis
882 1013 1037 1083 moribus.

150 1117 331 1188 SANNIO.
350 1120 452 1186 Leno.
470 1118 628 1196 ΑΣᾶννος
636 1119 791 1209 ,fitteris
808 1118 933 1207 Quod
924 1143 958 1186 1n
976 1119 1039 1188 hac
1057 1118 1218 1187 cornoedie

198 1222 374 1318 populo
347 1225 425 1292 risui
440 1239 535 1294 esset.
544 1223 607 1292 Vel
618 1226 728 1319 potius
746 1222 807 1292 ἀπὸ
820 1235 880 1292 τοῦ
891 1223 1028 1308 roselon,
1037 1224 1084 1294 ab
1099 1224 1219 1308 kasta,

206 1355 272 1424 qua
293 1328 403 1398 valere
423 1355 443 1397 a
459 1329 647 1424 jocantibus
665 1330 847 1399 dicebatur.

151 1435 411 1522 AESCHINUS,
433 1433 639 1524 adolescens3
630 1435 740 1505 filius
759 1439 911 1521 Demeae,
929 1435 986 1504 sed
1004 1383 1179 1530 adoptatus
1198 1461 1218 1504 a

208 1557 328 1636 patruo
354 1541 508 1611 Micione.
534 1531 607 1608 And
632 1569 688 1610 eoo
713 1540 853 1634 αἴσχους,
875 1567 899 1610 a
924 1541 1108 1630 dedecore,
1130 1543 1221 1638 quod

207 1649 337 1742 flagitiis
353 1661 440 1716 esset
455 1647 595 1716 infamis.

152 1757 318 1840 SYRUS,
337 1777 451 1822 servus
468 1753 624 1822 AEschini.
644 1756 674 1822 A
694 1756 820 1848 patria,
839 1751 959 1846 gentile
981 1777 1113 1822 nornen.

153 1862 396 1954 ΟΤΕΒΙΡΗΟ,
418 1858 626 1944 adolescens,
650 1859 737 1938 filius
759 1862 914 1945 Demeae,
936 1857 1038 1928 frater
1062 1860 1220 1930 AEschini.

206 1957 277 2035 Ᾰπὸ
289 1977 353 2044 ,τῆς
369 1969 520 2052 κτήσεως,
529 1963 686 2060 proedio,
700 1981 734 2034 et
758 1966 875 2056 φωτὸς,
887 1967 982 2050 vtio,
1005 1964 1040 2032 id
1060 1980 1110 2034 est
1129 1973 1222 2060 agri·

206 2074 295 2142 cola.
311 2111 362 2122 -
376 2069 454 2156 Vel,
468 2073 504 2138 τὸ
524 2081 581 2148 ,τῆς
599 2074 734 2149 κτήσεως
752 2077 827 2161 φῶς,
845 2071 1034 2165 patrimonii
1053 2069 1219 2165 splendor.

153 2178 516 2266 SOSTRATA,'1naler
534 2176 723 2270 Pamphile.
740 2182 770 2242 A
780 2170 899 2257 σώζειν,
910 2175 1001 2269 quod
1013 2190 1063 2244 est
1075 2201 1219 2246 servare.

151 2285 418 2369 CANTHARA,
434 2285 546 2352 nutrix
558 2281 754 2376 Panrphilae‚
768 2283 830 2350 ἀπὸ
850 2293 906 2349 τοῦ
923 2281 1094 2375 κανθάρου,
1114 2307 1133 2351 a
1152 2281 1220 2378 ’ρο-

206 2393 283 2460 cnlo
292 2417 306 2476 ,·
326 2388 416 2489 quod
431 2390 542 2458 nutrix
560 2413 664 2482 puero
683 2388 845 2483 preberet
866 2402 994 2481 potum.

151 2486 292 2580 GETA,
313 2521 427 2564 servus
446 2497 610 2564 Sostrate.
626 2492 759 2564 Gentile
778 2517 921 2579 nomen,
937 2495 1085 2562 eGetir

150 2607 320 2688 HEGIO,
340 2627 456 2684 senex,
471 2602 677 2695 propinquus
697 2597 886 2694 Pamphile.
903 2546 974 2666 And
996 2609 1052 2665 τοῦ
1068 2600 1221 2692 ἡγενσθαι,

208 2711 330 2778 ducere
335 2708 443 2802 ,quia
465 2730 580 2775 curam
601 2704 804 2775 Sostrate
777 2729 913 2796 ejusque
934 2702 1063 2770 familiae
1083 2704 1192 2774 habet.

153 2817 343 2899 DROMO,
360 2836 475 2882 servus
497 2812 661 2880 Micionis
682 2800 753 2877 And
779 2801 915 2902 δρόμου,
933 2832 1059 2878 cursus.
1252 2861 1256 2867 ·

153 2922 399 3005 PARMENO,
425 2942 540 2994 servus
573 2917 727 2986 AEschini.
754 2911 837 3008 [lep
825 2941 846 2980 α
871 2925 918 3002 τῷ
945 2906 1081 3022 δεσπότη
1107 2917 1220 3008 μένων,

207 3051 349 3097 inarzens
371 3040 405 3094 et
421 3024 554 3102 adstans
572 3023 717 3092 domino.

463 3152 714 3224 PERSONAE
747 3153 911 3220 MUTAE.

155 3290 390 3372 CALLIDIA‚
405 3281 513 3356 ⁴serra
540 3285 583 3366 nb
607 3284 764 3375 AEschino
788 3297 881 3377 rapte
907 3279 967 3350 ἄπο
992 3292 1048 3362 τοῦ
1072 3290 1222 3369 sallone,

209 3410 346 3491 propter
366 3394 481 3464 forme
499 3389 790 3488 pulchritudinem.

151 3503 408 3585 PAMPHILA,
427 3523 547 3580 nurus3
564 3496 630 3566 filie
646 3497 817 3580 Sostrate,
830 3497 935 3563 amica
948 3494 1104 3563 AEschini.
1118 3498 1223 3584 Quasi

210 3615 284 3675 πᾶσι
298 3604 387 3700 φίλη,
404 3605 558 3675 omnibus
576 3627 662 3672 cara.
797 3677 800 3688 ¹

156 3716 351 3800 STORAX,
373 3736 487 3782 servus
505 3709 670 3778 Micionis.
694 3709 810 3777 Graece
830 3700 945 3799 στόραξ
965 3719 1014 3774 est
1036 3707 1163 3776 arboris
1185 3707 1225 3774 le·

213 3844 323 3913 cryma
341 3818 489 3898 odorata.
508 3819 552 3886 Et
570 3816 611 3883 ab
632 3813 735 3883 odore
755 3814 801 3884 ita
821 3802 935 3888 servus
956 3813 1153 3893 nominatur.
