2812 4788
356 381 971 498 ADELPH.ACT.1V,SC.V.
1142 413 1190 508 89

128 539 228 608 Nunc
245 537 312 606 hoc
325 533 471 631 primum
483 540 544 608 'stz
563 539 605 607 ad
622 537 693 610 illas
709 543 784 631 ibo,
803 557 841 612 ut
855 567 994 638 purgem
1004 566 1067 612 me.
1085 546 1189 614 Acce-

288 642 365 711 dam
382 643 424 711 ad
441 643 541 714 fores.
1151 678 1190 718 sss

127 743 231 816 Perii!
247 748 406 818 horresco
419 773 560 845 semper,
571 750 630 820 ubi
643 753 772 847 pultare
785 754 884 823 hasce
897 755 1026 852 occipio
1040 755 1151 824 miser.

127 857 237 940 Heus,
256 850 356 924 heus!
376 856 551 926 AEschinus
571 881 633 952 ego
651 885 743 932 sum:
763 861 888 954 aperite
903 860 1020 956 aliquis
1040 874 1187 931 actutum

289 975 419 1030 ostrum.

126 1066 243 1135 Prodit
255 1069 366 1137 nescio
380 1068 453 1163 quis
472 1093 480 1136 :
505 1070 686 1140 concedam
700 1071 810 1140 huc...

405 1265 625 1357 sonus
657 1234 939 1383 Quinti.

397 1492 574 1561 MICIO.
625 1493 915 1564 AESCHINUS.
973 1597 980 1615 .

123 1676 211 1743 Mic.
229 1675 280 1740 Ita
297 1687 336 1741 ut
352 1673 456 1758 dixti,
477 1677 646 1763 Sostrata,

123 1781 257 1864 Facit05
268 1803 332 1872 ego
345 1780 539 1849 AEschinum
551 1782 765 1868 conveniam,
783 1796 837 1868 ut,
848 1779 1016 1876 quomodo
1028 1797 1103 1850 acta
1117 1780 1188 1850 haec

283 1900 379 1974 sunt,
398 1901 488 1956 soret.
1147 1909 1187 1954 no

160 2073 222 2126 635.
240 2080 294 2126 Hoc
306 2077 411 2143 primum
426 2090 479 2140 est,
500 2076 573 2147 quod
597 2077 634 2130 sa·
679 2075 837 2130 d'Eschinus
848 2083 960 2132 avee'un
976 2088 1023 2130 ton
1037 2077 1059 2129 si
1071 2078 1187 2140 naturel,

122 2152 202 2206 ciam.
680 2175 733 2228 que
741 2155 766 2208 le
771 2159 851 2228 jeuue
861 2156 968 2209 homme
976 2159 1015 2229 s’y
1026 2168 1139 2228 trompe.
1149 2157 1187 2208 Le

160 2233 222 2286 636.
245 2238 354 2286 Pulmre.
379 2233 451 2299 Alii,
466 2239 579 2303 pulsare.
599 2265 635 2276 -
678 2233 1002 2308 spectatcurquiestdans
1014 2234 1188 2288 inconfiden-

121 2317 244 2364 Horresco
256 2333 357 2380 semper.
365 2311 436 2368 Satis
447 2313 588 2378 amatorie3
598 2312 635 2366 ait
679 2312 866 2385 ce‚jouitdela
875 2314 983 2386 frayeur
992 2310 1076 2366 decet
1085 2325 1188 2376 amant;

121 2393 256 2457 Donatus,
271 2403 303 2444 ut
317 2391 396 2454 alibi,
409 2393 477 2446 Eun.
490 2395 524 2456 84
537 2411 545 2446 ε
559 2419 570 2441 ι
580 2393 633 2446 Το·
678 2393 746 2445 mais
753 2392 779 2444 le
788 2403 936 2463 spectateur
948 2409 982 2444 ne
993 2391 1134 2463 s’apercoit
1141 2410 1189 2463 pas

52 2471 54 2479 ’
121 2483 181 2536 tus,
199 2471 347 2531 Parmeno,
365 2483 451 2524 memo
469 2473 634 2544 horreoque,
678 2489 731 2543 que
743 2470 881 2536 Terence,
895 2489 928 2524 eu
938 2469 1092 2537 l’amusant,
1105 2471 1186 2523 l'inte·

122 2561 261 2622 postquam
278 2548 386 2622 adspexi
399 2549 501 2603 hano·
516 2551 633 2616 Sed,ae·
677 2568 748 2604 reste
765 2568 798 2602 en
812 2550 903 2602 favour
922 2548 1095 2611 d'Eschinus,
1108 2561 1134 2601 et
1146 2549 1185 2601 lui

122 2628 635 2692 eundumltoeclerummutlushicamo
678 2647 712 2681 en
734 2628 822 2680 donne
844 2647 897 2680 une
918 2628 1055 2682 meilleure
1077 2628 1185 2698 opinion

121 2708 149 2760 ri
158 2709 246 2772 locus3
257 2709 349 2762 omnia
362 2708 515 2762 referuntur
528 2707 562 2762 ad
571 2697 640 2780 pru-¹
677 2726 730 2778 que
740 2707 806 2758 celle
823 2706 887 2778 qu'il
900 2707 970 2758 avait
982 2705 1053 2777 prise
1066 2723 1101 2756 au
1115 2723 1186 2757 com-

121 2786 251 2840 deutiam.
262 2812 275 2832 ι
286 2787 520 2859 Suberatnempe,
535 2787 633 2857 inquit,
677 2798 846 2838 meucement
864 2782 898 2838 de
916 2785 940 2860 la
961 2783 1045 2856 piece.
1068 2787 1184 2845 Erubuit,

120 2877 249 2939 perpetua
260 2865 425 2932 sollicitudo,
442 2864 578 2938 quomodo
591 2884 634 2918 res
676 2869 746 2916 salva
754 2881 792 2913 res
806 2877 852 2917 est.
863 2900 888 2914 ..
904 2866 966 2926 Abi,
974 2877 1059 2931 pater,
1069 2877 1095 2914 tn
1105 2865 1186 2931 potius

121 2959 211 3017 posset
220 2944 316 3016 aperiri
324 2945 404 3018 patri,
414 2957 440 2997 et
449 2963 520 2997 nova
532 2944 588 2997 hec
600 2963 633 2996 ex
676 2949 742 2996 Deos
765 2963 933 3011 comprecare,
947 2955 1008 2996 sont
1027 2941 1061 2998 de
1081 2942 1107 2996 la
1125 2943 1185 3014 plus

121 3023 265 3076 mulierum
274 3023 425 3094 suspicione
438 3022 632 3096 perturbatio.»
675 3021 778 3093 grande
790 3022 886 3076 beaute
899 3021 932 3075 de
944 3022 1093 3076 sentiment.
1111 3023 1185 3076 Cette

122 3103 162 3154 Ut
183 3114 213 3154 ut
235 3101 285 3169 sit,
305 3104 332 3156 τὸ
346 3123 438 3173 semper
451 3102 528 3157 valde
545 3103 633 3154 firmat
675 3106 754 3154 scene
764 3101 874 3155 rochete
893 3101 955 3154 hieu
975 3102 1001 3153 la
1016 3101 1134 3154 froideur
1146 3102 1184 3154 du

120 3181 221 3234 Donati
244 3199 369 3244 sensum,
392 3182 512 3253 quamvis
533 3180 634 3252 judicet
676 3181 835 3253 monologne
849 3179 896 3251 qui
912 3180 938 3232 la
953 3178 1101 3250 precede.»

121 3261 257 3315 Boeclerus
275 3279 337 3315 eum
354 3272 424 3314 stare
440 3279 494 3314 non
508 3279 632 3332 posse.-
712 3259 772 3327 639.
792 3261 872 3311 Dixti.
900 3259 941 3310 Ita
968 3268 1083 3328 quatuor
1105 3257 1182 3311 codd.

121 3345 212 3408 Hasce,
224 3339 365 3402 δεικτικῶς,
378 3357 415 3394 sc.
430 3340 508 3392 fores.
675 3337 750 3390 Bent.
762 3349 789 3390 at
801 3337 855 3392 duo
865 3335 986 3409 ejusdem
996 3338 1093 3388 dixisti.
1101 3337 1182 3406 Vulg.

159 3419 221 3490 637.
235 3424 362 3482 Actutum,
376 3436 466 3492 ocyus.
478 3449 514 3459 -
526 3421 626 3487 Aperite
676 3418 739 3466 dist
751 3443 785 3455 -
799 3421 839 3467 Ita
851 3429 877 3466 ut
885 3417 958 3467 dixti.
968 3414 1017 3466 Hic
1026 3425 1134 3484 apparet
1140 3432 1184 3466 eos

120 3501 223 3566 aliquis.
250 3497 347 3569 Figura
359 3508 399 3550 est
414 3499 564 3568 ἀρχαῖσμὸς,
581 3515 630 3568 pro
675 3494 744 3546 inter
755 3511 783 3546 se
791 3495 846 3565 jam
857 3493 942 3546 multa
954 3491 1058 3545 dixisse.

119 3577 216 3650 aliquis
229 3595 244 3629 e
260 3576 336 3630 vobis
350 3576 456 3648 aperiat.
709 3575 771 3636 640.
784 3577 873 3625 Facito.
891 3573 982 3626 Faern.
997 3571 1040 3624 ed.
1047 3571 1138 3640 facite.
1148 3602 1183 3612 -

158 3658 219 3709 638.
233 3659 374 3708 Concedam
392 3659 455 3720 ltuc,
475 3654 548 3726 quod
567 3653 632 3707 facit
673 3655 744 3703 Sunt.
755 3652 785 3703 L.
799 3653 884 3724 antiq.
895 3655 953 3704 sint.
965 3656 1050 3710 -Ut‚
1062 3655 1183 3717 quomodo

119 3737 149 3789 in
162 3734 258 3806 angulo
268 3734 375 3788 theatri.
393 3765 426 3776 -
440 3734 516 3788 Scen.
530 3734 566 3785 V.
580 3731 632 3785 Ad·
675 3744 734 3781 acta
754 3732 827 3793 isac,
846 3741 896 3784 etc.
918 3730 1037 3793 Scilicet,
1057 3742 1087 3781 ut
1101 3727 1179 3793 sciat,

118 3826 197 3868 notat
206 3815 250 3868 hic
262 3813 374 3886 gallicus
381 3814 510 3885 interpres
519 3814 630 3866 Lmos-
675 3807 748 3881 quod
762 3821 855 3862 auctor
867 3810 909 3864 his
919 3807 1019 3879 nuptiis
1033 3808 1117 3859 factus
1123 3806 1183 3872 sim,

118 3914 188 3948 nnn
199 3915 206 3948 :
216 3898 308 3949 «Cette
317 3902 394 3948 soene
405 3906 443 3948 est
452 3893 541 3965 pleine
553 3891 629 3956 d'art,
676 3890 751 3962 quod
760 3891 839 3944 velim
848 3889 930 3943 hodie
938 3888 1060 3960 apparari
1068 3887 1182 3959 nuptias,

1 3971 2 4025 i
117 3973 155 4026 de
174 3976 275 4026 nature!
295 3987 321 4027 et
339 3973 373 4027 de
394 3973 544 4028 sentiment.
560 3971 631 4024 L’art
675 3963 834 4042 eaquedere
844 3968 980 4022 vobiscum
988 3967 1184 4022 omniatrause·

117 4072 155 4108 ne
173 4055 259 4124 parait
274 4053 356 4126 point.
372 4053 473 4107 Miciou
490 4071 517 4106 se
533 4069 631 4123 moquc
674 4051 767 4120 gerim.
780 4052 854 4100 Boecl.
