2824 4778
237 439 312 514 266
461 443 639 512 PUBLII
666 437 922 510 TERENTII
949 434 1095 504 Atat*

233 578 286 645 lta
300 572 405 644 utille
423 573 522 648 fecit?
535 577 629 647 Puta.
642 567 1043 646 Fuscusadotescentuli
1061 580 1112 636 est

235 681 395 752 Officium
412 679 554 752 liberalis
576 707 585 750 t
608 698 785 778 postquam
804 679 847 748 ad
865 677 992 773 judices

234 791 384 858 Ventum
399 803 466 874 est,
486 813 554 858 non
572 792 683 885 potuit
697 789 843 884 cogitata
856 783 1011 880 proloqui
1026 807 1034 848 :

236 897 288 964 lta
305 919 381 963 eum
400 908 471 962 tum
494 896 648 966 timidum
662 897 708 965 ibi
719 892 940 990 obstupefecit
956 887 1074 985 pudor.

235 1003 279 1070 G.
296 1000 412 1070 Laudo
425 1001 517 1071 hunc
533 1027 541 1070 :
556 1002 614 1073 sed
628 1025 721 1074 cesso
736 1002 827 1071 adire
838 997 1085 1096 quamprimum
1102 987 1239 1062 senem?
1266 1011 1302 1050 ast

236 1109 342 1194 Here,
364 1107 472 1180 salve:
493 1109 622 1179 salvum
636 1124 669 1180 te
681 1109 855 1180 advenisse
870 1103 1009 1201 gaudeo.
1025 1103 1092 1172 Da.
1108 1092 1185 1170 Ho!

234 1217 327 1283 Bone
342 1229 471 1300 custos,
494 1215 600 1302 salve,
622 1215 777 1286 columen
791 1237 872 1284 vero
890 1209 1042 1296 familie,

236 1321 301 1390 Cui
321 1321 552 1392 commendavi
572 1321 677 1392 filium
691 1323 772 1394 hinc
789 1321 903 1390 abiens
922 1341 1046 1386 meum.

237 1429 280 1496 G.
302 1429 376 1496 Jam
396 1427 523 1496 dudum
538 1443 571 1497 te
585 1455 701 1500 omnes
714 1455 775 1499 nos
790 1449 947 1496 accusare
959 1421 1058 1492 audio
1400 1501 1401 1508 ἵ

234 1535 425 1621 Immerito,
443 1548 477 1603 et
490 1561 544 1606 me
558 1535 688 1605 horunc
701 1535 851 1606 omnium
872 1525 1143 1600 immeritissimo.
1269 1558 1305 1596 ψ·
1400 1571 1401 1598 ;

236 1639 325 1710 Nam
340 1640 421 1736 quid
435 1666 489 1712 me
503 1643 537 1710 iu
551 1641 615 1713 hac
632 1667 668 1711 re
682 1641 792 1712 facere
810 1637 943 1708 voluisti
960 1631 1049 1706 tibi?
1400 1631 1401 1650 ³

236 1747 378 1816 Servum
397 1747 567 1818 homiuem
585 1773 718 1819 causam
732 1769 829 1818 orare
843 1745 932 1840 leges
945 1767 1014 1812 non
1028 1741 1161 1826 sinunt,

234 1855 353 1946 Neque
371 1855 550 1926 testimonii
566 1855 666 1927 dictio
680 1870 739 1926 est.
754 1857 820 1924 Du.
838 1851 940 1922 Mitto
963 1847 1083 1918 omnia.

236 1958 333 2028 Addo
352 1961 452 2030 istuc:
473 1963 668 2056 imprudens
686 1963 799 2032 timuit
819 1957 1010 2028 adolescens
1033 1982 1041 2023 ε
1065 1952 1148 2024 sino.

235 2067 287 2134 Tu
305 2091 447 2136 servus:
469 2091 607 2158 verum,
627 2071 656 2138 si
677 2073 820 2164 cognata
842 2079 892 2135 est
912 2085 1087 2148 maxume,
1271 2077 1305 2129 ιφ
1400 2119 1401 2138 ,

236 2222 281 2274 sis.
294 2254 330 2264 -
347 2231 410 2288 Tua,
429 2240 489 2279 tute.
508 2225 571 2279 llaec
590 2227 749 2298 generaliter
826 2225 961 2292 allodem
980 2223 1075 2273 dudum
1096 2234 1241 2279 nomnen
1259 2224 1305 2268 ²¹⁰·
1400 2279 1401 2294 ,

237 2300 307 2355 dicta
318 2304 417 2376 accipe.
431 2337 467 2346 -
483 2309 604 2370 Verbum,
616 2309 652 2359 ne'
664 2325 750 2360 unum
794 2305 926 2356 Vultnose
935 2301 992 2354 brec
1002 2299 1067 2352 dicit
1080 2308 1227 2352 veterator.

236 2381 346 2453 quidem
357 2385 478 2439 verbum.
832 2379 1204 2450 a9o.t1elroruuc.Al.lwrum
1214 2393 1260 2426 me.
1273 2402 1305 2414 -

277 2464 337 2516 281.
346 2468 401 2518 Illo.
410 2465 538 2538 Antipho.
548 2464 644 2518 Perlet.
652 2465 698 2530 illi,
710 2482 751 2516 er·
795 2463 995 2514 Immeritistimo.
1004 2461 1065 2512 Μαι.
1072 2459 1137 2512 We.
1149 2455 1306 2507 Immeritissi·
1400 2445 1401 2466 ³

238 2551 576 2616 roretypogr.-Fuactua
590 2547 633 2596 ad.
647 2558 685 2596 est
698 2544 752 2612 Off.
796 2547 1306 2608 mum.—Humm,sorumquosaccusas.
1400 2545 1401 2556 ¹

238 2623 279 2674 tit.
292 2624 433 2695 Ingeniose
448 2641 504 2677 non
517 2625 625 2697 negarit
636 2623 690 2677 hoc
703 2623 754 2676 cri·
834 2637 893 2689 ²91·
902 2619 1078 2674 Tibivoxilla
1086 2615 1206 2670 abundat
1215 2613 1250 2667 ad
1258 2631 1307 2666 sen·
1400 2671 1401 2676 η

216 2750 219 2754 .
239 2721 316 2765 men,
327 2703 593 2758 occasionemlaudis
604 2703 638 2758 de
649 2705 754 2758 conles·
797 2719 868 2764 sum,
884 2719 939 2754 nou
951 2712 1041 2752 autem
1050 2697 1085 2750 ad
1094 2697 1151 2752 vim
1160 2694 1291 2748 dictionis.
1400 2687 1401 2728 ἓ

241 2783 317 2836 sione
334 2797 497 2856 sumpturus.
603 2851 606 2857 Ι
835 2797 894 2848 ²9²·
907 2777 1031 2841 &sarain
1043 2775 1247 2850 judicioagere.

277 2864 337 2915 282.
356 2868 480 2935 Officium.
498 2866 560 2917 Mas.
572 2863 645 2936 quid.
658 2866 752 2935 officio.
834 2861 894 2927 293.
910 2859 1050 2910 Testimonii
1068 2859 1152 2908 dictio.
1176 2855 1212 2906 Η.
1228 2873 1253 2906 e.
1269 2853 1307 2924 jus

136 2962 140 2968 ·
241 2969 277 2982 -
296 2947 430 3008 Postquam
443 2947 598 3011 adjudices.
613 2943 655 2994 Cf.
671 2961 753 3014 supra
798 2949 824 2991 et
840 2949 955 3011 potestas
973 2933 1118 2990 testimonii
1136 2931 1256 2988 dicendi.
1277 2959 1306 2970 -

167 3067 170 3076 .
244 3039 304 3089 1²9·
800 3023 869 3071 Misco
890 3021 981 3070 omnia.
1004 3016 1037 3066 Et
1054 3019 1109 3087 jam
1126 3013 1182 3066 'hoe
1194 3009 1307 3084 perdidit

278 3102 337 3154 283.
361 3103 502 3184 degusta,
533 3113 593 3174 quse.
624 3113 754 3171 praepara·
798 3117 895 3161 senex,
912 3095 986 3168 quod
996 3093 1136 3148 videbatur
1145 3091 1268 3145 validum
1277 3085 1308 3140 ad
1400 3123 1401 3128 =

243 3196 328 3237 verat.
799 3177 1001 3230 accusationem.
1012 3175 1055 3226 Ita
1065 3171 1198 3244 gradatim
1211 3169 1251 3222 illi
1263 3169 1307 3222 siu·

280 3267 339 3328 284.
348 3271 398 3330 Ita,
409 3264 438 3316 in
452 3261 755 3334 epiphonemate—Ibi,
798 3255 861 3328 gula
878 3255 1080 3315 subducuntur,
1099 3263 1126 3303 et
1137 3245 1308 3303 accusationis
1400 3263 1401 3298 ὲ

242 3363 332 3398 eoram
342 3343 488 3417 judicibus.
799 3337 913 3407 impetus
922 3331 1063 3388 evanescit.
1077 3335 1145 3382 Dou.
1400 3327 1401 3336 ¹

280 3425 516 3477 285.Laudo!1uac.
526 3417 674 3474 Phaedria-m
684 3435 756 3470 nem·
836 3411 1243 3484 294.Addo.Al.addc.—Addo,
1255 3423 1310 3459 oon·

242 3523 277 3578 pe
297 3504 404 3572 laudat,
423 3504 524 3556 bonum
541 3499 687 3572 propinqui
706 3497 755 3550 de·
799 3492 1185 3562 oedu.-1mprudeustinuu'r.
1203 3485 1310 3557 Respice
1400 3503 1401 3526 1

243 3585 383 3638 sensorem.
395 3588 540 3641 -aenem,
552 3579 755 3652 Demiphonem.
799 3591 838 3627 vs.
853 3573 915 3637 283,
926 3575 985 3636 284.
1000 3601 1036 3613 -
1056 3572 1122 3620 Sino.
1133 3561 1309 3622 *concedentis
1400 3575 1401 3602 t

243 3695 278 3706 —
290 3665 353 3717 Haec
367 3662 457 3715 dicens
466 3659 563 3732 prodit.
800 3665 847 3716 est,
858 3664 952 3706 contra
964 3652 1136 3704 voluntatem.

280 3747 340 3798 286.
350 3747 426 3805 Here,
440 3746 517 3794 salve.
529 3738 665 3792 Pudorem
677 3737 763 3790 sium·-
837 3731 897 3800 295.
908 3737 945 3782 Tu
957 3749 1046 3782 servus.
1058 3725 1145 3780 Audio
1153 3723 1230 3798 quod
1240 3719 1309 3778 dicis

244 3824 281 3874 lat
292 3841 322 3874 ac
333 3821 517 3876 reverentiam.
799 3824 826 3864 te
838 3829 944 3865 serrum
956 3823 1033 3863 esse:
1048 3805 1178 3866 subaudi,
1192 3803 1310 3872 adeoque

182 3937 193 3946 s
284 3901 345 3972 287.
368 3907 437 3954 Bone
459 3915 547 3954 eustos.
566 3898 617 3950 Per
640 3895 756 3949 ironiam
799 3891 848 3945 tibi
861 3910 917 3943 nou
929 3889 1033 3942 licuisse
1048 3885 1237 3940 testimonium
1249 3880 1311 3933 dice·

246 3982 340 4041 acerbe
354 3980 639 4040 diotum.—Cotumea,
657 3985 756 4028 susten·
800 3989 846 4034 re3
869 3971 903 4024 sit
924 3969 960 4022 its
978 3985 1051 4022 sane.
1072 3965 1136 4018 Non
1156 3962 1310 4018 videbantur

246 4059 374 4125 taculum.
800 4048 925 4103 Romanis
943 4047 1014 4102 servi
1038 4045 1100 4098 satis
1120 4041 1213 4095 idonei
1237 4047 1310 4093 testes
1347 4093 1348 4102 ,

284 4140 343 4200 288.
363 4140 406 4210 Gai
427 4157 515 4190 comm.
534 4137 629 4208 Supra.
643 4153 687 4208 71,
712 4151 755 4204 72.
801 4148 857 4184 esse
866 4147 954 4202 posse,
964 4126 1061 4204 quibus
1071 4121 1199 4195 imperari
1213 4117 1310 4174 scilicet
