2812 4788
246 379 312 460 104
473 367 648 447 PUBLII
673 377 921 450 TERENTII
944 375 1064 444 AFRI

240 512 322 579 Sta.
346 509 436 600 Ohe,
446 509 515 604 jam
530 525 566 580 tu
581 511 683 580 verba
698 510 808 581 fundis
828 512 883 582 hio
904 506 1082 606 sapientia!

239 618 305 684 Dr..
328 617 379 684 Tu
397 618 423 686 si
440 641 534 687 meus
549 642 670 687 esses...
686 619 767 687 Sua.
779 620 844 692 Dis
855 617 987 712 quidem
1000 640 1105 704 esses,
1120 617 1269 705 Demea,

238 723 287 790 Ac
298 736 389 791 tuam
401 747 472 792 rem
486 723 735 794 constabilisses.
749 726 813 793 Du.
829 721 990 818 Exemplo
1004 723 1155 792 omnihus
1262 746 1301 800 ⁷⁷⁵

240 829 401 898 Curarem
412 842 450 896 ut
460 853 557 899 esses.
571 832 650 900 Sra.
667 828 917 919 Quamobrem?
935 829 1015 924 quid
1033 824 1120 898 feei?
1138 831 1202 898 Du.
1225 829 1301 897 Ro-

396 933 503 1029 gitas?

238 1043 279 1108 ln
294 1042 365 1136 ipsa
385 1041 483 1110 turba
504 1055 603 1136 atque
621 1043 656 1110 in
673 1057 811 1138 peccato
832 1065 1005 1127 maxumo,

238 1147 339 1235 Quod
352 1148 408 1216 vix
422 1147 570 1217 sedatum
586 1149 663 1217 satis
677 1164 739 1236 est,
753 1149 892 1244 potasti,
915 1142 1039 1216 scelus!

239 1254 342 1342 Quasi
353 1277 388 1322 re
400 1252 483 1324 bene
495 1268 595 1348 gesta.
612 1257 692 1324 Sua.
711 1257 796 1324 Sane
807 1252 934 1324 nollem.
947 1253 1013 1348 hue
1032 1253 1164 1320 exitum.

432 1461 1083 1554 ·souulsuouuuA;

473 1675 654 1744 DROMO.
691 1675 844 1744 SYRUS.
883 1675 1054 1744 DEMEA.
1121 1715 1123 1720 ·

236 1869 303 1936 Da.
327 1867 436 1950 Heus,
457 1858 558 1955 Syre!
579 1878 675 1958 rogat
687 1877 720 1932 te
738 1863 915 1958 Ctesipho,
934 1877 973 1930 ut
987 1861 1112 1931 redeas.
1126 1862 1205 1932 Suu.
1217 1863 1298 1932 Abi.

236 1973 303 2040 Dr..
322 1967 412 2057 Quid
423 1969 659 2061 Ctesiphonem
671 1971 726 2039 hio
737 1983 850 2040 narrat
860 1971 874 2039 Ρ
885 1970 963 2039 Suu.
975 1966 1040 2038 Nil.
1055 1969 1298 2054 Du.Eho,car·

234 2185 295 2252 Est
312 2073 590 2274 ctesdlidldtus?
605 2181 685 2248 Stra.
698 2179 776 2248 Non
786 2195 846 2249 est.
859 2182 925 2251 Du.
945 2181 1015 2250 Cur
1025 2179 1081 2250 hic
1097 2182 1248 2252 nominat
1258 2107 1297 2250 d&

192 2349 194 2358 .
235 2290 314 2357 Sua.
330 2288 391 2355 Est
403 2283 486 2354 alius
499 2284 649 2377 quidam,
667 2288 879 2378 parasitaster
890 2284 1051 2380 paululus.

271 2460 333 2533 773.
352 2464 412 2512 oto.
432 2459 475 2512 Sic
494 2457 580 2510 solent
594 2459 641 2529 qui
657 2477 745 2529 asper-
825 2459 884 2529 778.
899 2462 1002 2510 Potasti.
1017 2460 1086 2513 Dou.
1098 2462 1217 2528 potastis,
1230 2475 1257 2516 et
1269 2461 1300 2515 il·

234 2552 335 2593 uantur
346 2539 426 2610 plura
440 2537 542 2592 audire.
551 2567 584 2577 -
599 2541 704 2604 Fundis,
718 2537 745 2589 in
788 2536 836 2590 lud
848 2548 924 2609 putat
937 2536 1051 2590 oratorie
1064 2537 1173 2592 dictum.

206 2615 208 2625 ’
233 2617 404 2672 abundantia.
413 2620 532 2668 -Verda
542 2619 672 2684 sapientia,
681 2635 745 2686 prae·
825 2635 885 2688 779.
899 2621 965 2670 Non.
977 2621 1031 2668 duc.
1045 2616 1087 2670 Al.
1103 2621 1300 2686 hune-Quasi

233 2709 311 2770 cepta
324 2696 619 2769 sapientiae-Donat.
633 2695 746 2767 explieat
789 2714 815 2747 re
828 2699 889 2747 bene
905 2709 986 2763 gesta.
999 2694 1108 2752 Scilicet
1119 2696 1181 2766 quia
1194 2695 1299 2752 dixerat
1396 2729 1397 2746 .

233 2792 274 2838 tu,
286 2779 410 2844 Sapientia
414 2803 424 2837 ‚-
438 2775 499 2838 sed,
514 2786 544 2826 ut
557 2775 744 2829 animadvertit
789 2774 895 2846 Syrus:
914 2778 1030 2841 mutaque
1051 2793 1155 2840 munus,
1179 2785 1231 2829 ete.
1256 2796 1297 2831 vs.

232 2855 340 2908 Boeeler.
363 2865 442 2926 poeta
459 2865 549 2904 noster
579 2853 654 2905 haud
677 2855 744 2906 solet
789 2853 1004 2920 7681—Nollem
1016 2854 1177 2916 tuccetum,
1198 2855 1299 2908 nollem

233 2951 265 2986 ex
275 2945 332 2986 tam
340 2931 485 3002 longinquo
494 2941 583 3002 petere
592 2931 741 2985 sententias.
787 2929 840 2983 huc
852 2929 886 2982 de
899 2930 999 2983 edibus
1010 2929 1146 3002 prodiisse.

268 3018 327 3083 774·
344 3016 379 3062 Tu
390 3014 413 3061 si
424 3029 490 3060 meus
500 3029 591 3061 esses...
606 3009 646 3062 Al.
658 3015 742 3061 Tan't’
822 3009 883 3078 780.
912 3014 984 3060 Heus.
1012 3010 1043 3062 C.
1069 3008 1104 3062 G.
1126 3025 1161 3062 m.
1181 3011 1299 3080 geminat

232 3093 255 3140 si
271 3109 353 3155 meus,
371 3100 420 3142 etc.
434 3120 468 3130 -
481 3091 540 3152 Dis,
555 3086 638 3142 dives.
658 3087 740 3160 Syrus
786 3089 852 3140 tem.
863 3117 898 3126 --
911 3091 969 3140 Abi.
987 3085 1135 3159 Supprimit
1152 3087 1296 3146 addenda:

231 3167 742 3238 procelliditatesua‚oocupatDemeam
786 3169 811 3216 in
820 3169 912 3218 molam
925 3184 990 3228 rem,
1007 3166 1095 3237 tuqui
1107 3165 1298 3238 Ctesiphonem

157 3273 164 3277 ⁴
232 3246 306 3300 triste
324 3245 426 3319 aliquid
445 3247 487 3300 vel
502 3246 639 3299 minaciter
654 3244 740 3299 dictu·
785 3245 905 3298 nominas
916 3257 1045 3317 praesente
1056 3245 1167 3298 Demea.

229 3337 310 3392 'rum;
330 3345 361 3379 ao
385 3326 465 3378 simul
484 3323 575 3378 illudit
593 3325 739 3378 avaritiam.
821 3325 880 3394 781.
900 3329 965 3391 Quid
979 3327 1083 3392 ctesiph.
1098 3326 1137 3374 hie
1152 3343 1222 3378 narr.
1238 3327 1298 3378 sub.

230 3393 320 3458 Perlet.
784 3407 859 3455 velle.
878 3434 913 3443 -
935 3403 1073 3472 Carnufex.
1103 3401 1201 3474 Syrum
1224 3403 1297 3458 'allo-

266 3481 328 3553 775.
349 3485 545 3535 Constabilissas.
560 3484 603 3535 Al.
622 3486 737 3538 stabilias.
783 3481 884 3550 quitur.

145 3577 154 3586 ‘
229 3593 265 3603 -
276 3566 404 3630 Exemplo.
420 3559 453 3614 In
467 3563 484 3614 l.
503 3561 595 3614 Bemh.
612 3568 737 3631 exempla.
820 3561 879 3626 782.
894 3567 981 3626 Intus,
995 3560 1024 3612 in
1037 3555 1118 3612 domo
1130 3559 1265 3614 Micionis.

121 3643 125 3649 ’
228 3640 308 3711 vulg.
328 3639 371 3692 ed.
384 3643 530 3706 exemplum.
545 3671 580 3680 —
597 3645 673 3694 litam
688 3662 737 3694 rem
818 3639 877 3709 783.
889 3641 1004 3708 Quidam.
1013 3638 1073 3690 Par·
1082 3655 1108 3708 p.
1121 3655 1178 3692 var.
1188 3641 1298 3706 quidem.

228 3719 402 3780 familiarem,
418 3730 464 3770 tua
478 3718 556 3770 bona.
781 3746 816 3758 -·-
835 3721 962 3770 Paululus.
988 3717 1084 3770 Faern.
1102 3721 1234 3783 parvolus.
1261 3749 1298 3758 —

262 3801 323 3867 776.
334 3801 442 3866 Rogitas.
453 3797 496 3850 Al.
511 3816 593 3864 rogas.
781 3801 827 3848 Est
835 3799 897 3848 alius
907 3800 1007 3864 quidam
1012 3809 1025 3862 ,¹
1032 3794 1076 3848 cui
1086 3795 1187 3866 pariter
1196 3815 1298 3850 nomen

262 3894 320 3946 777.
335 3882 365 3928 In
377 3880 432 3944 ipsa
443 3879 520 3928 acrba.
531 3876 571 3928 De
579 3887 657 3946 raptu
665 3876 734 3948 psal·
779 3887 818 3928 est
829 3875 963 3947 Ctesipho.
976 3905 1010 3915 -
1022 3877 1190 3926 Parasitaster
1200 3881 1297 3943 paulu·

226 3953 281 4008 triae
301 3954 428 4024 loquitur.
447 3985 481 3996 -
496 3961 526 4008 Ia
542 3968 645 4022 peccato
665 3975 734 4007 matr.
779 3959 827 4008 lus.
841 3955 875 4008 H.
891 3973 915 4008 e.
929 3953 1038 4026 parasiti
1050 3953 1179 4018 imitator,
1192 3965 1223 4006 ut
1234 3973 1297 4007 mo·

226 4034 260 4086 de
271 4031 334 4087 vitio
347 4031 493 4104 Pamphilae
506 4035 603 4088 oblato.
777 4047 823 4087 net
833 4036 864 4086 1..
871 4035 957 4087 Valla.
968 4065 1003 4076 -
1013 4033 1096 4106 Syrus
1112 4053 1145 4088 ue
1163 4035 1192 4087 in
1210 4035 1297 4089 ebrie·
