2864 4776
242 393 317 487 ²98
455 391 635 460 PUBLII
662 391 921 461 TERENTII
948 393 1074 461 AFRI

241 524 389 594 Vixdum
409 523 582 594 dimidium
602 525 766 612 dixeram,
781 521 995 594 intellexerat.

242 629 433 719 Goudebet,
455 655 508 700 me
530 629 703 718 laudabat,
724 631 893 726 quaerebat
910 656 1044 719 senem,

241 737 303 806 Dis
325 739 446 832 gratias
459 737 595 833 agebat,
607 752 738 834 tempus
760 737 933 824 cibidum,
1277 765 1322 814 ⁵95

242 844 310 912 Ubi
327 843 485 912 Phaedriae
505 843 695 916 ostenderet
715 844 929 916 nihilominus

242 952 394 1018 Amicum
407 975 442 1019 se
456 975 545 1038 esse,
566 975 666 1046 quam
681 951 885 1046 Antiphoni:
904 951 1073 1022 hominem
1092 951 1135 1020 ad
1154 952 1267 1032 forum

241 1058 327 1125 Jussi
345 1058 491 1151 opperiri
510 1081 518 1123 ε
538 1083 601 1152 ego
621 1083 675 1126 me
696 1083 766 1127 esse
787 1057 1008 1126 adducturum
1027 1083 1149 1126 senem.

239 1161 304 1230 Sed
318 1186 434 1230 eccum
451 1161 574 1259 ipsum!
597 1165 669 1258 quis
685 1179 735 1234 est
748 1162 911 1234 ulterior?
927 1177 962 1234 at
972 1177 1025 1245 ut,
1044 1163 1202 1234 Phaedriae

238 1269 336 1337 Pater
354 1270 469 1337 venit:
491 1270 549 1338 sed
566 1270 646 1364 quid
666 1272 821 1364 pertimui
839 1268 975 1340 autem?
991 1266 1121 1338 bellua!
1273 1293 1319 1331 σου
1408 1353 1409 1372 ἒ

239 1377 293 1443 An
308 1376 400 1470 quia,
414 1400 497 1470 quos
517 1375 644 1461 fallam,
666 1401 728 1471 pro
746 1401 813 1446 uno
826 1373 894 1446 duo
909 1391 987 1446 sunt
1008 1367 1089 1444 inihi
1111 1375 1203 1444 dati?

240 1482 457 1552 Commodius
478 1507 549 1552 esse
570 1485 689 1578 opinor
707 1482 832 1578 duplici
853 1509 912 1578 spe
932 1483 1027 1552 utier.

240 1589 356 1658 Petam
375 1589 454 1658 hinc
476 1585 563 1658 unde
582 1614 602 1658 a
621 1589 728 1684 primo
749 1589 875 1658 institui
896 1615 903 1656 ε
928 1589 955 1656 is
983 1589 1008 1656 si
1031 1587 1105 1674 dat,
1129 1603 1179 1658 sat
1196 1602 1261 1675 est;

243 1767 381 1820 inventurn
391 1766 471 1818 luieee
481 1775 611 1818 monstret
620 1764 701 1818 eeriet
713 1783 754 1818 nr·
799 1785 825 1816 so
837 1763 952 1818 collocat
966 1782 981 1817 e
998 1763 1059 1816 cod.
1081 1765 1147 1834 Reg.
1166 1765 1221 1816 huc
1234 1763 1317 1816 redu·

242 1845 360 1916 gumenti
369 1844 452 1908 ;unde
460 1845 598 1918 unteeipee
607 1845 756 1898 ruoinren·
799 1845 971 1915 ctum.Vulgo
981 1837 1093 1916 ponitui
1104 1854 1165 1914 poet
1177 1847 1315 1906 Plroedrioe,

242 1937 270 1978 to
285 1923 462 1995 gloriebatur,
478 1943 516 1976 re.
530 1925 582 1987 554
595 1945 602 1978 :
616 1948 628 1968 ι
639 1924 753 1988 Quaero:
799 1941 838 1976 vt.
852 1921 913 1992 596.

241 2004 329 2058 ttlrue
341 2016 394 2067 est,
407 2015 437 2055 ut
453 2003 557 2074 opinor.
569 2027 581 2048 ι
598 2005 658 2055 er
670 2003 756 2056 babeo
836 2003 896 2071 598.
908 2005 983 2054 lessi.
998 2001 1056 2056 Ion.
1066 2004 1143 2068 jussu.
1162 2027 1195 2038 -
1208 2005 1264 2069 Ego
1274 2021 1315 2054 me

239 2085 368 2156 optimam
396 2083 525 2136 rationem
542 2082 658 2154 jurandi
673 2081 754 2134 Pbae-
798 2101 846 2134 eu.
863 2085 924 2133 add.
938 2079 1058 2133 Subtudi
1068 2120 1076 2148 ‚
1088 2079 1220 2133 dicebam.

242 2165 318 2228 ἀήθη
326 2174 358 2215 -et
371 2167 540 2214 Plonnr'onem
553 2165 692 2231 amatorem
706 2161 756 2214 eibi
835 2160 894 2230 ⁵99·
904 2163 1015 2213 Ulterior.
1025 2159 1096 2232 Guy.
1104 2162 1223 2217 ulteriore
1233 2158 1314 2211 nimie

243 2245 302 2293 dari
313 2241 440 2302 subinde,
453 2259 490 2292 rs.
509 2242 569 2308 559,
586 2241 708 2312 petierat:
722 2259 755 2294 ex
799 2254 899 2312 argute.
911 2268 943 2280 -
955 2243 1014 2308 Quis
1024 2239 1172 2292 estelthoc
1186 2249 1239 2302 eet,
1251 2240 1314 2310 quis

239 2339 297 2394 quo
316 2319 378 2372 cotie
401 2331 528 2392 apparet,
551 2320 624 2371 Geta
644 2319 754 2372 attribui
797 2329 943 2392 estpreeter
955 2337 1015 2372 eum
1031 2319 1076 2371 ille
1094 2320 1169 2372 alter.
1181 2349 1214 2361 -
1226 2324 1261 2370 At
1273 2333 1314 2384 at,

240 2411 433 2461 comentem,
444 2417 499 2470 quo
509 2398 637 2451 Phormio
648 2397 683 2450 de
692 2397 754 2452 dote
797 2417 849 2452 vox
859 2399 1082 2471 pertimescentis.

243 2497 305 2533 cum
335 2477 442 2534 renibus
465 2478 573 2532 deberet
601 2477 753 2549 utnugere
832 2481 893 2532 δυο.
906 2479 1054 2532 Belluatc.
1069 2482 1101 2531 G.
1112 2497 1151 2530 m.
1165 2477 1262 2530 etllel.
1270 2479 1313 2528 te-

246 2564 347 2612 Boeder.
730 2567 734 2574 '
796 2562 855 2619 lua,
873 2575 921 2629 per
938 2575 1022 2612 unum
1038 2563 1108 2610 1.-
1124 2559 1216 2609 Ptoed.
1230 2563 1315 2617 Pater,

280 2639 338 2708 ⁵93.
351 2641 459 2690 Vixdum
476 2643 535 2690 dim.
557 2650 608 2692 etc.
624 2640 656 2691 Iu
671 2637 755 2691 Phor·
798 2639 856 2692 ecil.
871 2639 1150 2704 Chremen-Brileto,
1163 2635 1315 2690 convicium

215 2715 222 2738 “
243 2719 333 2772 mione
351 2717 431 2790 igitur
452 2737 559 2782 rernm,
581 2716 654 2789 quod
675 2735 756 2789 cupre
798 2720 826 2772 in
835 2735 881 2781 σος
895 2719 964 2772 ticnt
976 2718 1037 2789 gell.
1049 2717 1183 2770 dicimus:
1199 2716 1315 2769 «Grosoe

244 2799 347 2852 dicebat
358 2798 491 2870 Antipho,
504 2801 593 2848 dictum
607 2800 759 2868 sapientiem
798 2799 858 2852 bete
869 2815 922 2870 que
932 2801 960 2872 je
970 2797 1039 2851 tuit!
1056 2823 1068 2842 ἰ

244 2893 288 2938 eet,
299 2895 336 2928 rc.
348 2876 408 2938 540.
835 2883 896 2931 601.
914 2885 955 2930 An
977 2879 1055 2946 quia,
1069 2895 1131 2944 quos
1138 2877 1250 2944 fallant,
1264 2887 1314 2928 etc.

281 2955 340 3024 594.
349 2960 528 3020 Quaenam.
536 2955 690 3019 Quaerebat,
701 2957 756 3008 ubi·
799 2955 903 3012 Ordine
919 2973 950 3010 ec
963 2955 1078 3028 supple:
1095 2981 1108 3002 e«
1121 2961 1162 3008 An
1172 2967 1278 3026 propter
1287 2954 1315 3006 id

244 3053 306 3089 nutu
317 3045 383 3087 esset
392 3033 533 3104 Demipho.
564 3022 571 3040 Ι
799 3039 869 3087 timru
884 3039 962 3104 quia,
983 3046 1053 3088 etc.»
1068 3065 1103 3079 -·
1122 3042 1172 3086 Pro
1191 3055 1241 3086 uno
1257 3037 1316 3085 duo.

281 3116 340 3185 596.
354 3117 430 3167 uuit.
441 3119 567 3176 simoen,
579 3133 605 3182 q.
615 3117 755 3183 Anuplrom'.
799 3116 896 3168 Sensus
916 3116 1000 3186 liquet
1023 3133 1030 3168 ε
1055 3139 1069 3160 u
1083 3113 1106 3166 si
1120 3132 1207 3166 unum
1226 3113 1317 3166 fellere

246 3199 378 3269 Impletur
388 3235 396 3261 ‚
407 3193 483 3266 quod
499 3205 561 3246 ante
572 3192 673 3246 dictum
689 3205 755 3254 erut,
800 3214 854 3248 non
864 3195 955 3249 licebit
965 3233 973 3260 ,
984 3196 1051 3248 ulter
1059 3205 1156 3256 restet,
1170 3211 1253 3264 quem
1270 3192 1319 3244 fal-

247 3295 316 3330 vers.
332 3274 381 3328 561
395 3295 402 3328 ι
418 3299 430 3320 ι
443 3273 514 3326 eolus
527 3285 565 3326 eet
576 3273 658 3326 bomo
672 3273 757 3325 amico
799 3275 861 3327 lam.
873 3301 886 3320 n

246 3357 378 3410 amicus.»
392 3353 564 3424 Quamquam
584 3353 656 3406 enim
673 3353 700 3404 in
713 3353 759 3405 ltl·
837 3357 899 3407 602.
914 3357 1008 3405 Corum.
1028 3372 1087 3404 esse.
1106 3351 1157 3405 Me.
1174 3351 1267 3405 Grtev.
1283 3368 1320 3402 esc

244 3433 556 3504 leudieffaliiequaedatut·
573 3451 673 3504 opera,
693 3434 758 3486 ami·
801 3451 850 3505 pro
872 3453 931 3484 esse.
958 3433 1037 3486 Hunc
1061 3449 1170 3484 versum
1189 3430 1319 3502 expungit

247 3513 657 3585 citiretribuinequeat,nomine
673 3525 760 3565 tamur
801 3513 933 3586 Guyetue,
948 3531 1011 3565 eane
1023 3511 1211 3584 dignieeimum
1222 3521 1317 3581 poeta,
1402 3547 1403 3554 κ

248 3607 275 3648 et
289 3591 415 3646 lormultt
428 3592 555 3644 officioso
570 3591 761 3645 amicitiaeimi·
804 3610 885 3664 quem
901 3599 927 3644 et
936 3591 1088 3644 Priscianus
1098 3591 1162 3643 citat
1170 3587 1317 3642 laudatum.

177 3676 182 3693 ‘
248 3671 760 3744 tatur3commonetquebominee,quid
803 3703 838 3714 --
855 3671 954 3738 Duplici
969 3691 1011 3738 spe
1022 3675 1094 3723 utier.
1114 3670 1221 3723 Habere
1234 3667 1318 3732 dnos,

246 3757 276 3806 in
289 3751 550 3806 verieoflioiieiuter
563 3752 660 3806 amicos
673 3753 760 3804 fucere
803 3749 876 3804 unde
887 3769 992 3822 sperare
1002 3751 1101 3822 poesim
1119 3768 1164 3802 me
1176 3748 1318 3820 pecuniam
1408 3811 1409 3816 ¹

249 3851 299 3904 per
310 3833 354 3884 eit.
367 3837 454 3897 Quam
465 3842 504 3882 eet
516 3829 588 3883 enim
597 3831 702 3900 egregia
714 3829 758 3882 hic
804 3831 963 3884 ablaturum.

246 3911 389 3981 descriptio
415 3911 535 3982 prompti
564 3909 661 3976 animi,
682 3922 708 3963 et
730 3912 758 3962 in
838 3909 1316 3970 603.1ssi.Al.siis.-Petam‚ex·
1408 3923 1409 3926 ’

245 3989 345 4064 quovit
362 3989 541 4060 locoparnti!
554 3993 628 4041 Boot
741 3999 748 4016 ‘
803 3989 893 4060 perior
909 3988 1030 4063 obtinere
1040 3986 1191 4059 pecuniam¹
1206 3989 1242 4028 '-
1255 3989 1318 4037 Hine

283 4068 342 4138 597.
357 4070 469 4118 Amicum
482 4087 515 4120 se.
535 4069 578 4124 Sic
592 4071 666 4122 Bent.
679 4087 756 4140 prou.
803 4068 1074 4140 unde,ube0aquo.
1087 4074 1157 4120 -A
1166 4070 1260 4136 primo.
1274 4065 1317 4119 Sic
1408 4117 1409 4154 l
