2824 4778
346 329 602 399 rnonnto.
629 331 744 398 Aer.
771 333 803 418 1,
830 333 897 399 so.
925 331 987 399 iv.
1111 331 1200 404 .253

133 461 199 530 Sed
212 463 371 556 quidhoc
387 450 684 557 esurimus-'ego
702 467 822 532 Getam
841 479 1029 533 currentem
1046 465 1114 534 huc
1136 436 1198 536 ad-

295 567 431 638 venire?

133 675 164 740 Is
174 687 225 742 est
235 676 343 768 ipsus:
360 676 414 743 hei
431 677 531 743 timeo
546 677 663 763 miser,
680 700 779 769 quam
793 676 849 746 hio
871 701 960 744 nunc
976 677 1056 745 mihi
1069 679 1198 746 nuntiet

293 807 374 850 rem.

412 991 613 1081 sonui
646 993 922 1105 Qmmm.

363 1229 490 1296 GETA.
520 1229 727 1298 ANTIPHO.
757 1229 977 1298 PHAEDRIA.

132 1433 173 1499 G.
202 1427 323 1500 Nullus
355 1454 405 1516 es,
435 1429 534 1516 Geta,
558 1429 619 1497 nisi
646 1427 778 1522 aliquod
797 1429 866 1520 jam
893 1430 1066 1499 consilium
1092 1433 1197 1502 celere

293 1538 448 1630 repperis.
1005 1623 1006 1630 ἵ
1151 1551 1153 1557 ‘

131 1645 183 1710 Ita
193 1666 282 1710 nuno
290 1643 489 1736 imparatum
499 1642 607 1710 subito
617 1654 710 1709 tanta
722 1642 755 1708 in
765 1665 819 1708 me
828 1641 1020 1735 impendent
1030 1643 1132 1732 mala,
1159 1665 1197 1706 m

130 1749 216 1836 Quae
232 1772 339 1842 neque
354 1751 403 1816 uti
416 1747 558 1816 devitem
568 1749 654 1830 scio,
669 1771 775 1839 neque
787 1771 853 1839 quo
868 1747 967 1817 modo
984 1774 1036 1816 me
1049 1750 1125 1818 inde
1139 1775 1195 1818 ex·

201 1939 203 1946 ¹
291 1855 431 1922 traham.

128 1959 218 2028 Nam
233 1985 302 2030 non
316 1975 425 2054 potest
438 1959 537 2028 celari
554 1972 668 2026 nostra
680 1959 803 2027 diutius
814 1963 883 2050 jam
900 1959 1045 2043 audacio.

130 2192 159 2231 et
172 2177 253 2231 Aoad.
266 2175 356 2230 ‘codd
379 2195 458 2248 quam
479 2193 640 2246 magnopere
684 2181 746 2240 Ita,
766 2173 867 2227 dictum
887 2194 935 2246 per
958 2177 1143 2247 epiphonema.
1162 2210 1197 2220 ·-

128 2259 241 2312 laudant
253 2258 393 2310 lectionem
399 2260 443 2324 jus
453 2275 502 2326 pro
511 2260 571 2324 ejus.
589 2253 641 2307 Sed
684 2258 757 2303 Nunc
766 2257 882 2320 imporat.
892 2257 967 2304 subito
977 2269 1046 2306 mota
1053 2259 1078 2307 in
1089 2277 1127 2306 me
1138 2261 1195 2326 imp.

130 2333 552 2408 vulgatamServius'defentlitad
566 2334 640 2404 Virg.
686 2337 744 2384 uzal.
758 2333 826 2385 Nota
841 2334 868 2384 in
885 2351 940 2385 uno
957 2352 1035 2387 versu
1053 2355 1133 2406 quam
1149 2356 1196 2406 po-

129 2415 236 2468 AEneid.
258 2417 313 2477 XI,
336 2414 396 2486 675.
421 2419 508 2465 Perlet.
530 2444 565 2454 -
583 2417 643 2480 Ejus
686 2413 768 2464 tentia
789 2413 965 2482 frequentium
986 2414 1129 2465 verborum
1142 2433 1198 2468 mo-

129 2497 279 2559 amittendi,
302 2513 352 2565 pro
382 2497 532 2546 amittendae.
563 2493 642 2544 Conf.
688 2491 789 2542 mental
810 2497 851 2540 Ita
877 2491 983 2556 (statim
1002 2491 1199 2562 exspectationis
1267 2515 1273 2523 ,

129 2575 230 2646 Hecyr.
250 2575 308 2642 372.
688 2567 823 2622 movendae
832 2581 925 2638 aptum
935 2574 998 2638 est).
1013 2575 1085 2620 Nunc
1096 2575 1120 2639 (a
1130 2583 1197 2624 tem-

170 2653 228 2724 178.
243 2655 354 2704 Nuntiet.
370 2653 427 2704 Ien.
439 2654 646 2703 nuntiat-Hei
689 2653 776 2718 pore).
786 2651 1052 2716 Impuratnm(astatu
1060 2653 1198 2720 persono).

131 2735 205 2784 timeo
218 2733 299 2784 miser.
310 2733 371 2784 Jam
382 2731 465 2782 turbae
476 2771 483 2795 ‚
494 2749 575 2800 quam
587 2729 642 2800 epi·
687 2729 767 2776 Subito
780 2726 828 2790 (ab
846 2731 965 2793 eventu).
985 2733 1067 2777 Tanta
1081 2731 1110 2796 (a
1125 2747 1197 2781 com.

130 2812 200 2864 tasin
210 2808 613 2880 dicuutoomoediae,inoipiunt
626 2825 643 2860 a
686 2805 846 2876 paratione).
870 2811 902 2856 Te
916 2809 952 2873 (a
974 2805 1197 2862 demonstratione

131 2890 227 2941 nuntio
237 2889 270 2942 de
280 2889 362 2960 patris
372 2887 495 2941 adventu.
687 2888 831 2955 personae),
847 2889 992 2952 Impendent
1007 2888 1017 2955 (
1029 2905 1043 2938 a
1054 2906 1196 2958 repraesen-

167 2969 209 3021 sc.
221 2968 271 3020 IV.
291 2969 324 3018 In
335 2967 387 3018 hao
404 2985 484 3018 scena
499 2969 566 3017 servi
580 2984 643 3017 con·
681 2964 787 3016 tatione
796 2965 907 3035 periculi
916 2968 934 3033 ).
947 2971 1018 3018 Mala
1032 2972 1096 3038 (per
1105 2989 1197 3022 cumu-

131 3048 264 3100 currentis
278 3047 397 3099 officium
412 3057 468 3110 est,
485 3044 596 3097 tendens
609 3043 644 3097 ad
688 3043 931 3110 lotionem).Mirus
944 3047 1042 3117 ubique
1051 3050 1196 3102 artiferoest

129 3125 359 3194 perturbationem
377 3123 550 3195 Antiphonis,
563 3141 644 3194 quem
688 3133 764 3194 poeta
777 3133 879 3186 noster,
895 3123 923 3174 in
933 3125 1083 3178 attollendis
1102 3139 1197 3180 nutre-

132 3215 238 3274 0portet
254 3203 372 3256 abessen
387 3215 529 3274 conspectu
542 3203 642 3274 patris,
687 3200 892 3274 presentandis,
907 3201 1118 3272 frequentatione
1133 3225 1198 3276 qua-

131 3301 219 3353 usque
239 3281 280 3334 ad·
295 3283 474 3354 cognitionem
497 3301 603 3346 rerum,
618 3297 644 3334 et
686 3279 748 3333 ¹dnm
759 3282 915 3342 verborum,
929 3281 1066 3334 sententiis
1079 3302 1138 3353 que
1157 3287 1196 3338 al-

131 3364 300 3433 καταστροφὴν
312 3363 414 3414 fabulae.
426 3369 519 3414 Donat.
683 3361 786 3412 ,lectum
801 3361 901 3412 habent
915 3372 960 3412 aut
975 3362 1084 3414 faciunt.
1097 3359 1197 3417 Hector.

131 3457 133 3464 ’
171 3450 303 3510 179.Jam
323 3445 459 3493 consitium.
480 3441 538 3493 Lib.
559 3440 641 3510 antiq.
683 3467 687 3474 ·
726 3441 783 3492 181.
794 3443 914 3502 Deritem,
928 3452 1071 3511 antequam
1084 3441 1194 3498 irruant.

130 3525 185 3587 jain
196 3523 240 3570 titi
251 3525 336 3573 consil.
348 3551 383 3562 -ω
392 3524 497 3587 Reperis.
518 3521 559 3572 Al.
577 3538 644 3584 repe-
683 3522 793 3569 --1nde
805 3522 949 3584 extraham,
960 3517 1042 3588 quum
1062 3521 1196 3575 irruerint.

133 3599 204 3652 reris.
215 3604 345 3652 -Nullus
363 3621 403 3666 es,
423 3604 501 3650 Getas
516 3597 645 3669 Loquitur
728 3599 785 3650 182.
795 3597 887 3648 Nostra
896 3602 954 3649 aud.
964 3599 1004 3651 Cf.
1014 3617 1053 3650 vs.
1065 3619 1112 3652 122
1123 3621 1196 3674 seqq.

133 3678 169 3731 ad
183 3679 479 3751 semetipsum-Noli.
492 3697 525 3728 es.
534 3675 645 3728 Periisti.
685 3678 851 3729 ¹Be'nenostra
865 3677 945 3740 dicit3
955 3677 1017 3748 quia
1029 3678 1084 3748 ipse
1097 3693 1198 3749 portem

133 3765 254 3818 -·Jam,
269 3760 353 3813 brevi.
367 3789 402 3800 -
411 3761 502 3810 cetere.
515 3755 594 3808 Refer
612 3754 646 3807 ad
691 3749 956 3810 maximam-sustinet
967 3757 1066 3828 culpe,
1076 3771 1106 3809 ut
1119 3763 1200 3832 magi-

131 3839 279 3897 msitimm
293 3851 416 3890 neutrum
432 3847 515 3890 retus.
690 3849 751 3891 ster.
759 3839 915 3887 -Andaein
921 3835 965 3887 Cf.
975 3853 1034 3904 sup.
1049 3837 1107 3900 134.
1119 3841 1198 3911 Qujp.

117 3930 118 3934 ’
174 3913 643 3969 180.1121n0.suttent.ext0ad.·c.
685 3935 723 3987 -pe
737 3933 796 3986 quoe
810 3918 919 3965 audacia
929 3918 1047 3984 jocularis
1061 3915 1114 3968 illic
1128 3919 1201 3972 vide·

134 4015 184 4067 pro
199 4010 222 4046 te
241 3995 313 4065 vulg.
337 3997 436 4061 Recte,
453 3995 490 4048 ait
507 3994 600 4074 Perlet.
612 4025 646 4035 -
691 3997 784 4059 betur,
795 4011 856 4049 vem
871 4011 942 4045 nuno
956 3993 1023 4046 serio
1037 3996 1155 4051 sentitur.
