2776 4782
277 353 501 424 ιιιιοιιιιι.
537 355 640 424 ner.
669 356 725 441 ιι,
752 299 820 424 se.
849 355 899 422 ιι.
1059 353 1131 450 159

83 492 196 557 Ducere
207 511 362 571 uxorem3
382 500 416 562 et
428 509 501 580 quae
515 486 610 555 vobis
623 484 809 581 plueitnest
825 485 989 573 conditio,
1011 485 1131 557 detur:

84 595 138 662 Ubi
146 593 264 664 duxere
272 593 419 688 impulsu
425 607 554 679 vestro,
565 607 679 662 vestro
688 591 833 688 impulsu
842 592 975 664 easdem
986 595 1130 689 exigunt.

239 955 241 962 Ι
310 823 524 914 senui
554 823 884 946 ,sueonos

235 1074 488 1142 PHIDIPPUS.
517 1073 704 1144 LACHES.
734 1071 973 1144 SOSTRATA.

19 1287 20 1290 ¹
86 1302 137 1366 Ριι.
145 1297 209 1366 Etsi
225 1295 292 1366 scio
302 1318 383 1388 ego,
393 1290 726 1380 Philumena,meum
734 1291 788 1386 jus
803 1313 874 1358 esse
887 1304 943 1374 ,ut
954 1305 987 1362 te
999 1315 1134 1388 cogam,
1233 1365 1237 1375 Ι

85 1405 153 1494 Que
166 1429 223 1498 ego
241 1403 402 1496 imperem
416 1398 541 1487 facere,
561 1423 624 1492 ego
641 1411 754 1470 tamen
768 1398 878 1492 patrio
898 1399 1009 1469 animo
1029 1400 1135 1474 victus

222 1509 362 1594 faciam,
768 1522 770 1528 ’

19 1635 20 1716 ,
85 1619 123 1686 Ut
135 1615 188 1683 tibi
202 1613 381 1686 concedam
395 1639 404 1700 ;
427 1635 533 1708 neque
550 1625 616 1682 tue
633 1607 761 1681 libidini
778 1607 993 1678 advorsabor.
1095 1640 1133 1680 ns

20 1727 21 1732 ’
86 1725 136 1791 Li.
154 1723 256 1817 Atque
277 1745 394 1789 eccum
413 1718 613 1813 Phidippum
629 1730 766 1811 optume
780 1715 878 1783 video
897 1741 904 1782 :
926 1739 967 1784 ex
986 1715 1052 1785 hoc
1064 1713 1134 1810 jam

223 1827 333 1913 scib0,
356 1824 434 1922 quid
452 1825 502 1893 sit.

86 1933 244 2031 philippe,
275 1935 336 2004 etsi
360 1957 422 2026 ego
442 1931 524 2000 meis
542 1955 596 2001 rne
618 1927 772 1998 omnibus
799 1927 868 1997 seio
890 1952 961 2000 esse
985 1927 1135 2022 apprime

19 2035 20 2038 ¹
222 2041 481 2134 obsequentem,
777 2033 781 2046 '

91 2296 94 2301 .
114 2256 163 2312 241.
180 2251 275 2302 Placita
293 2261 329 2298 est
348 2247 473 2306 conditio,
494 2241 579 2302 matri·
622 2261 667 2294 mo
680 2239 768 2314 patris.
789 2271 825 2282 ·-
838 2246 920 2292 Meum
933 2243 979 2310 jus
999 2261 1069 2306 esse,
1084 2253 1133 2296 etc.

87 2329 199 2392 nonium,
212 2347 291 2382 uxor.
621 2321 679 2377 Hoc
688 2321 759 2376 idem
773 2321 802 2376 iu
812 2319 978 2392 Adelphis,
990 2320 1021 2374 52
1033 2321 1136 2374 :atton

19 2459 20 2476 ,
114 2417 163 2474 2151.
174 2415 289 2471 Duxere,
304 2403 410 2477 supple,
422 2401 480 2456 filii.
495 2403 576 2458 Eual·
620 2401 822 2455 uecessehabeo
837 2398 928 2452 omniu
943 2417 994 2470 pro
1007 2399 1135 2472 meojure

88 2486 131 2558 lage
151 2501 185 2542 est
203 2484 396 2562 personarum,
420 2485 455 2538 ob
480 2483 577 2538 iratum
620 2481 722 2554 egere.»
741 2511 777 2520 -—
793 2485 825 2530 Ut
840 2493 864 2530 te
884 2477 1080 2546 cogain‚scilic.
1094 2498 1135 2534 re·

87 2569 139 2621 senis
147 2569 259 2622 animum
267 2565 386 2626 ferenda.
395 2565 481 2636 Supra
488 2576 576 2616 autem
621 2560 680 2618 dire
692 2559 725 2614 ad
735 2576 850 2614 socrum.

88 2646 142 2702 dixit
150 2663 254 2718 gnatum.
267 2677 303 2686 -
317 2649 438 2714 1mpulru,
448 2643 576 2696 hortatio·
657 2645 716 2702 244.
726 2645 794 2690 Patr.
802 2655 845 2686 an.
858 2637 949 2684 victus.
961 2631 1033 2688 Bene
1042 2637 1134 2700 vietus,

87 2745 122 2779 ue.
131 2759 160 2768 -
169 2731 287 2790 Easdem,
298 2742 365 2795 quas
374 2721 513 2796 elegeritis.
524 2721 575 2775 Hie
620 2717 684 2790 quia
697 2733 751 2767 non
765 2712 869 2764 ratione
882 2711 962 2793 secio.

88 2809 165 2876 pii-iter
184 2823 221 2864 est
241 2805 369 2876 enallage,
391 2834 427 2844 —-
449 2805 576 2870 Exigurit,
657 2795 845 2860 2454Faciam,
866 2797 896 2842 Ut
916 2793 1068 2858 concedam,
1083 2811 1133 2870 pro

87 2887 202 2962 Expellunt
212 2889 303 2943 domo.
374 2931 375 2934 ,
620 2871 745 2948 simplici,
757 2873 899 2923 concedam.
908 2901 945 2911 --
956 2873 1073 2936 tietuini,
1086 2891 1136 2926 vo.

113 2967 149 3020 Se.
159 2989 188 3022 ιι.
201 2971 233 3021 in
245 2969 296 3020 hac
305 2958 501 3018 seenumoralis
512 2957 575 3012 ullo·
619 2952 724 3008 luntati.
739 2982 774 2993 -
790 2953 872 3002 Libido
888 2961 927 3002 est
942 2950 1068 3022 quelibet
1085 2971 1135 3006 vo-

88 3047 142 3099 cutio
157 3047 279 3120 Phidippi
301 3055 340 3099 est
357 3039 392 3096 ud
411 3039 509 3101 liliam,
529 3038 577 3092 mi·
620 3035 705 3088 luntas
732 3045 843 3112 temere·
859 3041 986 3102 suscepta.
1010 3029 1043 3082 Et
1063 3031 1132 3084 bene

87 3125 162 3178 tissimi
181 3121 263 3199 patris
285 3123 404 3178 colorem
419 3117 575 3172 osteudens:
621 3111 730 3168 libidini:
742 3123 779 3164 est
789 3109 859 3162 enim
869 3129 924 3161 non
936 3128 1044 3180 sequum
1054 3109 1134 3164 domo

19 3259 20 3262 ,
87 3216 107 3254 et
115 3217 187 3276 pater,
197 3207 247 3260 etsi
258 3223 327 3278 egre
340 3197 503 3262 lautitiam
513 3215 576 3268 pro·
621 3191 806 3245 maritiabesse
815 3200 934 3264 nuptam.
944 3187 1000 3242 Etsi
1010 3187 1078 3242 enim
1085 3208 1134 3260 pro

87 3286 238 3340 rulumarito
251 3281 328 3342 dorni
341 3299 395 3334 suae
402 3276 576 3340 commorari,
622 3277 750 3324 voluntate
767 3267 857 3344 posuit
877 3269 1018 3330 libidinem,
1045 3279 1135 3322 tamen

87 3364 107 3416 iu
126 3365 291 3436 suspicionem
309 3373 396 3414 tamen
420 3367 446 3408 et
469 3373 577 3430 'accusa-
621 3342 995 3409 suhaccusarithoeiiomine.
1010 3349 1076 3398 Dori.

86 3442 167 3498 tionem
177 3443 287 3506 incidit,
300 3437 375 3514 quod
390 3447 479 3490 nutem
492 3431 578 3486 abdu·
658 3433 718 3495 246.
731 3434 771 3479 Ex
783 3431 838 3480 troc.
849 3423 907 3477 Lib.
915 3423 1007 3477 Bemb.
1020 3429 1087 3478 bine.
1098 3458 1134 3468 --

19 3573 20 3590 ,
87 3523 326 3585 retitviroabseute,
339 3533 473 3574 acseeum
483 3530 577 3584 egram
624 3511 689 3578 Quid
705 3509 745 3560 sit.
764 3507 804 3558 Al.
824 3507 887 3576 quid
904 3505 957 3556 siet.
976 3533 1013 3594 -Ι
1031 3507 1134 3574 optim,

19 3591 20 3594 ¹
86 3603 253 3672 usupatiatur.
262 3599 353 3650 Patres
367 3593 521 3664 disceptant.
533 3589 578 3642 Se·
621 3597 779 3661 opportune.
800 3615 835 3625 -
853 3585 941 3646 Scibo,
961 3594 1068 3656 antique
1087 3604 1137 3657 pro
1190 3615 1192 3619 -

85 3679 160 3749 quitur
168 3677 292 3752 Phidippi
301 3673 435 3730 excusatio
445 3691 476 3725 ac
489 3667 579 3722 delen·
623 3671 709 3724 seiam,
723 3695 758 3705 —
776 3666 843 3732 Quid
860 3665 905 3725 sit,
920 3661 1013 3734 supple
1026 3661 1091 3736 quid
1104 3664 1138 3716 sit

86 3757 124 3811 sio.
137 3766 223 3814 Donat.
239 3771 265 3812 et
280 3759 366 3811 Perlet.
623 3745 681 3811 rei,
697 3763 745 3798 cur
765 3745 821 3818 ejus
836 3741 891 3795 filia
910 3759 927 3795 u
945 3739 1021 3795 nobis
1039 3740 1139 3818 disces·

114 3841 166 3906 243.
177 3844 231 3892 Etsi
239 3860 272 3892 se.
285 3855 344 3906 ego,
357 3835 417 3885 Piiil¹
430 3831 580 3904 Phidippus
625 3825 697 3880 serit.
960 3895 993 3911 ..

85 3915 152 3972 domo
165 3939 212 3974 sua
225 3915 365 3992 egrediens
380 3912 581 3986 responsionem
663 3911 721 3976 247.
734 3907 793 3956 Etsi.
807 3901 884 3954 Bent.
899 3912 1008 3990 ⁰⁰.m.3¹t
1017 3915 1052 3967 et,
1062 3902 1137 3956 omis·

86 3994 122 4047 dat
133 3997 189 4051 filies
201 3999 271 4049 intus
280 3993 397 4047 manenti
407 3991 512 4044 mitiore
526 3987 581 4040 eni·
627 4004 655 4038 so
670 3989 698 4036 si.
714 4015 749 4024 -
765 3983 886 4050 Apprime.
901 3977 1004 4032 Pierius
1018 3982 1073 4034 vult
1084 3983 1134 4054 legi
