2834 4788
213 375 263 456 do
449 311 620 436 PilBLII
646 364 888 434 TERENTII
916 365 1034 434 AFRI

211 503 283 594 Ego
302 495 508 592 vapulando,
524 495 578 566 ille
596 484 819 577 verberando,
840 521 944 590 usque
963 495 1062 564 ambo
1082 495 1201 565 defessi
1218 521 1274 564 su-

211 712 290 780 Sru.
307 627 505 802 Tutindiilpa.
522 711 578 776 St.
597 707 687 796 Quid
706 707 869 778 facoeeml
886 709 965 776 Sta.
983 707 1190 776 Adolescenti
1208 731 1276 774 mo-

367 839 438 882 rem
462 828 589 908 gestum
611 816 766 908 oportuit.
1234 839 1275 879 ,ιε

209 925 265 990 St..
290 919 357 1008 Qui
379 922 473 1014 potui
494 918 627 1006 melius,
645 922 702 1013 qui
722 919 821 988 hodie
841 943 944 1014 usque
966 943 1003 987 os
1021 916 1170 1013 praebui?
1191 919 1273 986 Srn.

369 1029 458 1119 Age,
478 1027 540 1094 scis
560 1025 638 1119 quid
657 1023 794 1119 loquer?

211 1134 388 1221 Pecuniam
410 1133 444 1200 in
469 1131 542 1202 loco
564 1129 749 1226 negligere,
767 1137 957 1198 maxumum
977 1129 1143 1200 interdum
1160 1115 1201 1198 ’st
1220 1127 1273 1196 lu-

371 1262 474 1306 crum.
496 1240 552 1308 Sa.
572 1233 653 1306 Hui!

119 1343 125 1354 ’
210 1346 290 1444 Suu
306 1345 474 1431 Metuisti‚
489 1345 516 1412 si
532 1368 620 1412 nunc
638 1343 679 1412 de
689 1358 750 1412 tuo
761 1343 835 1436 jure
852 1342 1066 1410 concessisses
1084 1337 1273 1434 paululum,

370 1463 468 1543 atque

188 1646 189 1650 Ἰ
211 1553 418 1626 Adolescenti
433 1579 519 1624 esses
532 1556 766 1649 morigeratus,
779 1555 950 1622 hominum
963 1552 1065 1621 homo
1078 1551 1276 1637 stultissime,

210 1659 262 1728 Ne
284 1687 352 1732 non
372 1661 431 1730 tibi
456 1664 539 1732 istuc
559 1661 742 1730 foeneraret.
769 1662 825 1729 Sa.
862 1661 935 1752 Ego
958 1683 1050 1752 spem
1073 1659 1180 1752 pretio
1208 1681 1277 1725 non

371 1791 455 1835 θΙΙΙΟ.
1240 1803 1279 1830 aso

177 1929 184 1944 .
211 1960 298 2000 tamen
309 1946 501 2018 gladiatorum,
515 1949 561 2018 qui
574 1949 722 2020 comparari
764 1927 967 2011 'scribuntpsed
980 1945 1027 1998 lib.
1044 1945 1124 2016 antiq.
1141 1945 1279 1998 Sannioni.

212 2026 322 2098 proprie
335 2023 500 2079 dicebantur.
514 2027 558 2076 W
554 2040 596 2079 est.

253 2112 318 2169 πά.
331 2107 395 2158 Post
407 2125 479 2176 usque
490 2104 632 2176 distinguit
640 2108 721 2158 Zeun.

215 2185 302 2236 turber.
318 2205 401 2256 usque,
419 2185 496 2237 ambo.
513 2213 553 2224 —-
569 2185 627 2254 Ego
640 2205 723 2254 crapu-

212 2263 285 2314 lando
291 2303 299 2326 ,
316 2264 356 2314 tlte
367 2260 529 2327 verberando,
541 2276 589 2316 etc.
598 2265 663 2315 Item
675 2266 691 2315 J
694 2283 723 2315 u-

211 2343 352 2396 venalsat.
362 2345 417 2407 111,
439 2346 509 2412 289:
530 2368 540 2388 ι
552 2342 579 2394 Si
596 2343 656 2394 rixa
669 2355 723 2408 est,

211 2422 258 2472 ubi
272 2433 301 2474 tu
313 2423 415 2492 pulsas,
426 2441 471 2492 ego
482 2422 573 2490 vapulo
586 2435 696 2474 tantum.
708 2447 718 2468 ι

212 2502 428 2572 Part—Usque,
443 2500 503 2565 diu,
519 2501 643 2552 multum.

255 2575 483 2636 ustinuwe.
502 2581 534 2632 al.
551 2579 593 2632 ed.
612 2582 645 2650 Q.
667 2600 723 2651 cge-

213 2679 270 2712 rnm.
294 2692 333 2701 —
360 2662 414 2713 Tua
436 2662 515 2731 culpa.
539 2659 602 2712 Sub.
628 2673 679 2725 est,
701 2661 723 2712 si

211 2739 404 2793 nominativum
414 2761 422 2806 ;
433 2739 531 2802 factum
546 2752 597 2804 cst,
616 2741 636 2792 si
651 2741 722 2793 abla-

212 2819 297 2870 tivum
325 2818 471 2870 admiseris.
496 2847 536 2857 -
559 2819 726 2871 Adolescenti..

213 2895 317 2948 Scilicet
336 2915 416 2966 quem
433 2896 535 2948 facilius
548 2898 722 2949 assentatione

212 2993 307 3044 capere
317 2975 454 3044 potuisses.

255 3053 321 3107 516.
332 3051 380 3106 Sa(
394 3050 449 3122 Qui
457 3056 528 3123 potui
544 3053 645 3120 melius,
665 3057 722 3124 qui,

213 3146 263 3185 etc.
278 3133 292 3182 J
296 3145 351 3184 unt.
367 3133 427 3204 quid
437 3145 489 3204 pot.
506 3135 608 3185 melius?
618 3154 689 3206 resque
696 3154 723 3185 os

209 3212 313 3281 prebui.
333 3211 449 3282 Legend.
467 3226 557 3266 monet
577 3215 663 3280 Bentl.
681 3216 723 3284 qui

213 3291 267 3342 tod.
290 3295 314 3342 ei
335 3312 386 3364 usq.
411 3313 445 3346 os.
470 3294 511 3344 Ita
535 3306 561 3344 et
582 3294 658 3344 Both.
682 3321 722 3336 -

214 3361 271 3440 Qus
287 3376 358 3440 potui
378 3375 468 3424 melius.
493 3372 600 3425 Scilicet
620 3388 722 3422 rnorem

212 3467 310 3519 gerere.
322 3482 363 3492 -
375 3452 411 3504 Os
422 3451 531 3523 prebui,
548 3449 650 3502 assidue
660 3467 721 3519 per·

212 3527 490 3600 cudendum—Age,
501 3535 546 3582 scis
553 3530 612 3602 quid
618 3522 722 3602 loquar?

211 3608 263 3660 Le.
276 3607 341 3678 quid
353 3612 432 3664 velim
443 3609 549 3662 dicere?
563 3609 721 3662 Pronuntia-

210 3687 283 3738 tione'
299 3688 431 3755 blandiori
447 3702 472 3741 et
490 3689 612 3740 familiari
633 3689 720 3759 expri-

211 3765 306 3817 menda
327 3781 365 3821 est
384 3769 481 3820 horum
498 3769 641 3820 verborum
663 3785 722 3819 sen-

210 3844 301 3897 tentia.
316 3847 354 3899 Ut
371 3847 512 3906 subinde‚'
525 3853 599 3908 nari:
618 3871 629 3893 α
647 3847 717 3915 Age,

210 3921 273 3974 novi
289 3928 453 3980 tuumanim
484 3947 533 3978 a»

253 3989 721 4075 mfflffifflmfflm

767 2055 807 2067 --
826 2027 915 2077 Pecun.
929 2029 955 2076 ic
965 2025 1017 2076 loco
1030 2025 1120 2093 neglig.
1141 2037 1190 2076 etc.
1205 2026 1281 2076 Beue

767 2104 889 2162 additum
904 2116 957 2168 est,
971 2107 997 2154 itt
1010 2105 1076 2170 loco,
1095 2115 1121 2155 et
1140 2104 1280 2164 interdum,-

768 2203 826 2236 non
848 2183 920 2235 enim
943 2201 1055 2254 semper.
1076 2183 1142 2234 Vult
1167 2181 1279 2248 dicere,

767 2275 920 2334 opportuno
930 2263 989 2314 loco
1001 2275 1027 2313 et
1036 2275 1165 2331 tempore.
1180 2262 1281 2314 Similis

767 2341 902 2405 sententia,
912 2342 999 2393 Plout.
1007 2342 1083 2412 Capt.
1093 2353 1143 2394 act.
1153 2341 1231 2408 II,sc.
1242 2359 1280 2394 11:

771 2447 782 2468 «
796 2422 925 2472 Esteticm
937 2421 978 2471 ubi
987 2419 1115 2474 damnum
1128 2433 1233 2491 praestet
1242 2421 1282 2472 fa-

767 2518 828 2552 cere
841 2519 920 2571 quam
932 2500 1048 2552 lucrum.
1064 2526 1075 2547 ι
1090 2499 1149 2551 Liv.
1164 2501 1207 2557 11.
1224 2508 1280 2570 47:

771 2606 782 2626 ι
798 2579 892 2650 Spreta
901 2585 925 2630 in
937 2591 1039 2648 tempore
1050 2580 1147 2650 gloria,
1159 2580 1282 2631 interdum

767 2660 926 2712 cumulatior
949 2657 1029 2711 redit.
1046 2684 1057 2704 n
1074 2659 1140 2710 Hor.
1158 2657 1212 2711 Od.
1225 2659 1280 2722 IV,

771 2745 843 2804 aad:
856 2765 867 2786 ι
881 2739 965 2790 Dulce
977 2751 1016 2791 est
1025 2736 1143 2808 desipere
1153 2741 1178 2789 in
1189 2740 1248 2790 Ioco.
1264 2763 1276 2784 ι

766 2819 837 2870 Perl.
877 2817 1002 2868 Menand.
1030 2819 1160 2870 Βέλτιστον
1192 2820 1217 2870 οὐ
1248 2819 1280 2870 τὸ

768 2892 852 2965 ne'pdoe
869 2899 892 2948 ἐν
904 2899 966 2946 πᾶσι
982 2899 1092 2950 σκοπεῖν.
1135 2919 1136 2922 ’
1273 2907 1277 2915 ’

814 2975 876 3026 218.
890 2975 943 3048 ιΒι
968 2986 1008 3026 tuo
1033 2979 1090 3046 jure
1112 2979 1273 3028 concessisses.

766 3044 925 3107 Remisilses.
936 3053 1001 3124 sup.
1014 3061 1085 3124 194,
1099 3057 1154 3106 nolo
1166 3056 1278 3106 vendere.

809 3151 871 3183 ano.
886 3133 927 3185 Ne
942 3151 989 3184 non
999 3135 1138 3200 foeneraret.
1158 3135 1199 3186 Ne
1214 3155 1271 3187 non

766 3229 827 3264 cum
840 3211 939 3280 ingenti
953 3213 1053 3266 foenore
1067 3227 1219 3283 reponeret.
1235 3225 1277 3254 -'-
1338 3248 1342 3256 ·

766 3291 846 3354 Istuc,
857 3289 885 3343 h.
896 3309 919 3342 e.
927 3291 1066 3361 paululum
1073 3291 1162 3362 ,quod
1174 3305 1202 3344 tu
1212 3311 1280 3345 con·

767 3371 993 3440 cessisses-Ego
1003 3392 1065 3442 spem
1072 3375 1151 3442 pretio
1159 3387 1279 3426 non'emo.

767 3449 823 3519 Ego
844 3466 917 3519 spem
935 3450 1003 3503 lucri
1025 3451 1139 3522 pecunia
1154 3453 1281 3520 praesenti

766 3527 877 3580 minime
888 3544 1031 3583 commuto.
1043 3531 1105 3582 Non
1113 3546 1281 3597 novum‘est,

766 3608 845 3660 etiam
855 3629 918 3679 spem
926 3609 1001 3660 vendi
1011 3622 1036 3662 et
1049 3614 1094 3660 emi
1103 3622 1174 3661 recte
1186 3629 1274 3680 posse.

766 3687 798 3739 L.
819 3688 853 3758 73
872 3687 905 3740 ad
917 3688 949 3743 L.
965 3687 1068 3740 Falcid.
1084 3688 1174 3740 Veluti
1192 3707 1280 3759 quum

767 3767 826 3836 quis
844 3770 943 3836 jectum
960 3767 1053 3832 retis,
1071 3779 1117 3819 aut
1141 3781 1280 3838 capturam

766 3845 855 3900 avium
875 3846 917 3899 vel
942 3845 1081 3909 ferarum,
1102 3859 1147 3898 aut
1174 3848 1281 3900 futuros

765 3938 873 3996 partus,
897 3925 1009 3978 fortusse
1033 3926 1158 3979 arboreos
1174 3927 1280 3998 presti-

766 4017 821 4057 nat.
833 4003 905 4056 Lind.
1274 4020 1277 4028 ⁴
