2864 4776
335 401 599 484 ΑΡΗΟΒΜΙΟ.
627 417 733 487 ACT.
761 417 832 502 IV,
857 417 922 487 SC.
951 420 999 486 II.
1125 445 1198 517 297

134 545 237 636 Quod
258 545 285 616 si
304 545 357 636 fit,
375 562 413 617 ut
425 573 479 618 me
496 550 661 618 excutiam
679 563 778 644 atque
796 550 947 645 egrediar
959 550 1078 638 domo,
1158 574 1198 617 ers

133 653 175 722 Id
190 667 312 724 restat:
332 673 412 723 nant
425 679 488 749 ego
506 679 658 725 meorum
679 655 768 726 solus
786 681 860 725 sum
879 682 982 728 meus.

133 761 202 830 Du.
222 761 298 830 Scio
317 761 364 829 ita
377 784 465 848 esse,
485 777 518 832 et
531 763 620 832 istaec
639 763 722 832 mihi
740 786 793 832 res
807 761 1017 834 sollicitudini
1035 766 1096 852 ’st;

132 866 252 960 Neque
266 867 442 937 defetiscar
458 891 564 962 usque
584 869 668 938 adeo
683 869 877 964 experirier‚

132 973 253 1044 Donec
271 973 331 1042 tibi
347 973 396 1061 id,
415 974 506 1068 quod
525 973 690 1069 pollicitus
713 1001 804 1060 sum,
825 975 979 1046 effecero.

393 1166 597 1256 SCENA
629 1166 949 1257 SECUNDA.

569 1373 746 1442 ‘Germ

131 1539 206 1630 Ego
222 1535 393 1604 hominem
412 1533 613 1604 callidiorem
632 1535 700 1604 vidi
718 1536 904 1617 neminem,
1164 1562 1204 1614 590

131 1643 244 1732 Quam
258 1642 493 1720 Phormionem
513 1665 521 1709 :
540 1642 639 1710 venio
661 1641 704 1709 ad
721 1642 910 1726 hominem,
931 1641 1148 1729 ursionem,

59 1785 70 1789 ·
130 1751 316 1843 Argentum
331 1773 416 1843 opus
434 1773 522 1836 esse,
536 1762 571 1817 et
583 1746 618 1816 id
632 1772 699 1842 quo
716 1761 817 1841 pacto
831 1747 936 1817 fieret.

131 1939 179 1982 aut
196 1929 296 1982 sectum
309 1946 399 1982 meum
412 1927 446 1981 de
455 1927 568 1980 Lemnia
579 1945 643 1980 uxo·
690 1955 725 1967 ·-
738 1931 805 1994 Neq.
817 1931 845 1980 d.
862 1947 916 1995 usq.
931 1931 968 1979 ad
980 1918 1139 2002 melleque
1148 1929 1200 1983 las.
1313 1965 1325 1987 ,

129 2025 172 2060 re.
193 2007 322 2062 Chremes
345 2010 416 2060 enirn
434 2007 528 2059 merito
553 2007 643 2071 timet,
689 2006 768 2058 sebur
781 2023 886 2078 semper
898 2017 1009 2060 tentare.

130 2085 206 2140 unde
227 2087 278 2140 snb
303 2088 401 2140 exitum
427 2087 523 2141 fabule
547 2103 644 2158 magua
725 2083 1035 2154 589.1rqu0dp011nteus
1046 2106 1110 2138 suin.
1124 2086 1206 2142 Intel-

130 2166 327 2220 turbaexristet.
687 2163 747 2235 tigit
764 2165 813 2218 titii
831 2167 873 2219 eui
891 2185 953 2220 rum
974 2165 1029 2219 iilia
1047 2167 1136 2220 iratris
1156 2189 1205 2222 nu·

170 2245 232 2301 ⁵85.
257 2249 332 2312 Quod
345 2249 369 2298 si
375 2248 421 2317 fit.
442 2246 491 2300 Ms.
510 2246 570 2298 Par.
583 2256 646 2298 tert.
688 2245 773 2316 ptine,
786 2249 841 2319 jam
853 2245 958 2299 dudum
969 2245 1096 2300 decretas.

129 2327 200 2378 scier.
210 2355 245 2366 -
257 2332 296 2378 Ut.
309 2324 368 2377 Lib.
378 2337 435 2382 ant.
446 2341 479 2379 ut.
490 2325 550 2378 Lib.
559 2324 643 2396 antiq.
723 2324 768 2378 Se.
785 2344 819 2380 ιι.
839 2325 904 2379 Haec
918 2344 996 2380 scena
1009 2325 1202 2397 expositionem

130 2407 174 2456 uti.
191 2434 227 2446 -
240 2407 380 2457 Excutiam.
398 2405 493 2456 Donat.
507 2415 582 2457 notat
592 2403 645 2476 legi
689 2416 774 2469 tenet,
782 2404 856 2477 quod
866 2424 927 2459 cum
940 2405 1103 2458 Phormione
1112 2419 1202 2460 netum

129 2501 239 2555 quoque
253 2487 370 2536 escendat.
377 2482 437 2537 Par.
449 2502 479 2555 p.
491 2503 548 2536 var.
557 2503 644 2536 eaeeru·
689 2484 741 2538 sit:
758 2503 856 2556 nempe
869 2496 900 2538 ut
913 2497 1053 2556 argentum
1070 2503 1203 2556 qurerere·

129 2565 201 2626 cias,
218 2562 372 2634 depravate.
384 2593 419 2603 -
431 2566 579 2634 Quodsifie,
589 2564 608 2616 i.
621 2583 644 2630 e.
690 2573 751 2628 tur,
764 2562 838 2634 quod
858 2563 948 2618 lenoni
968 2563 1034 2616 ferri
1053 2576 1139 2634 posset
1153 2581 1205 2635 pro

128 2640 154 2695 ei
165 2641 433 2696 resciverit-lime
443 2660 499 2694 erc.
510 2651 561 2696 etc.
568 2642 645 2696 Ordo
688 2641 813 2695 Phaedria
827 2661 835 2695 r
850 2655 882 2696 ut
900 2641 1028 2696 Phredriae
1041 2659 1069 2694 ee
1080 2642 1203 2696 ostendat

129 2732 187 2775 este
198 2726 233 2774 Id
247 2735 336 2784 restat,
351 2734 380 2772 ut
393 2739 496 2774 meere.
511 2735 595 2789 arque.
609 2750 646 2763 -
689 2721 813 2774 Phormio
819 2721 905 2774 nihilo
916 2721 1132 2775 minus.arnieum
1146 2742 1203 2776 esse

129 2805 174 2853 Me
189 2803 327 2864 excutiam,
346 2818 390 2852 me
410 2811 588 2871 properanter
599 2801 645 2874 eji-
689 2799 944 2872 qnavantiphoni.

129 2880 201 2934 eiam
216 2878 306 2932 domo.
718 2880 778 2948 591.
791 2877 1022 2933 Venimsehmied.
1033 2892 1059 2932 et
1065 2879 1142 2933 Both.
1153 2900 1203 2952 pro

168 2957 645 3030 586.Meomm.Exponuntqnidarn‚
689 2963 773 3026 verrin,
785 2957 847 3012 edd.
861 2962 924 3010 neni
930 2982 941 3021 ,-
955 2959 1062 3021 nullium
1075 2971 1205 3029 quantum

129 3037 355 3105 domesticorum,
383 3051 430 3092 eut
458 3056 572 3101 eorum,
599 3039 646 3110 qui
689 3040 800 3103 scimus,
815 3037 916 3092 codicis
935 3039 1091 3092 auctoritate
1104 3038 1200 3110 adjuti.

128 3118 248 3191 partium
270 3131 331 3171 sunt
354 3129 515 3172 nostrarum.
538 3119 572 3170 At
596 3137 646 3188 ego
690 3149 725 3160 -
738 3121 782 3170 Ad
791 3121 856 3191 irem..
866 3118 985 3170 Venuste
999 3129 1025 3170 et
1041 3118 1142 3170 cornice
1157 3121 1202 3168 Iro-

128 3210 222 3271 putem
234 3197 389 3269 significari,
397 3198 530 3250 bonorum
538 3216 586 3250 seu
596 3197 647 3250 ior·
690 3199 779 3249 minem
788 3196 893 3268 repetit.
906 3226 942 3236 —
955 3198 1032 3248 Venio
1042 3211 1070 3246 nt
1082 3197 1129 3274 diu
1140 3195 1203 3250 Haee

128 3288 348 3349 tanarum,qnas
361 3276 646 3330 suasChremesnullas
690 3274 1086 3347 temporumconseeutionobis
1095 3274 1205 3345 quidem

128 3356 238 3418 hubent,
247 3356 300 3409 nisi
308 3355 398 3410 uxoris
406 3354 448 3418 ;id
459 3354 533 3427 qnod
541 3355 576 3408 itu
590 3373 646 3410 esee
690 3355 780 3408 minus
793 3354 877 3408 latina
887 3352 1077 3424 poteritrideri
1084 3391 1093 3418 ,
1108 3353 1154 3405 sed
1164 3373 1206 3408 co-

128 3436 186 3507 ipse
200 3435 280 3498 inira,
296 3435 348 3505 678
361 3452 434 3506 seqq.
444 3434 506 3487 ratis
520 3433 644 3489 declarat.
691 3435 762 3486 inico
778 3446 864 3505 poetn
878 3451 933 3484 non
945 3432 989 3485 ita.
1001 3435 1040 3484 Ae
1050 3433 1205 3487 temeritatis

128 3516 174 3572 Sic
185 3517 241 3568 fere
250 3515 278 3567 it.
286 3515 425 3588 Eugraph.
435 3514 506 3568 «lita
516 3515 589 3570 dives
597 3527 645 3580 est,
690 3525 758 3566 esset
774 3530 806 3565 ex
824 3531 919 3566 norma
939 3524 1065 3566 consueta
1084 3524 1203 3575 mutare,

129 3613 181 3666 ego
196 3613 331 3666 pauper.»
346 3599 411 3647 Peri.
424 3625 503 3636 --
512 3599 581 3648 Solus
593 3615 645 3648 sum
690 3596 752 3646 veni
759 3591 972 3646 ntdicerem.Vid.
985 3591 1075 3646 Senot.
1087 3592 1153 3644 Min.
1168 3590 1204 3645 de

129 3694 209 3738 mens,
222 3667 295 3728 h.'e.
309 3673 363 3727 mei
375 3673 490 3727 arbitrii.
498 3675 569 3729 Nam
579 3681 645 3728 solus
690 3671 783 3726 modd.
796 3684 823 3725 et
836 3684 938 3746 tempp.
949 3673 1054 3726 verbor.
1067 3669 1132 3722 Peri.

129 3765 184 3818 est,
197 3755 244 3825 qui
261 3755 295 3807 ab
308 3754 367 3808 aliis
379 3753 539 3807 destituitur.
725 3753 785 3820 ⁵9²·
797 3753 921 3821 Arg.'op.
936 3771 994 3804 esse.
1008 3750 1052 3804 sic
1070 3749 1089 3802 l.
1107 3749 1203 3803 Bemh.

168 3834 229 3887 588.
240 3836 382 3895 Dertdscar.
392 3835 422 3886 1..
437 3833 528 3886 Bemb.
541 3837 643 3905 defirr‘se.
689 3831 799 3904 Antiqui
817 3831 888 3884 enim
909 3851 968 3900 opus
982 3829 1129 3884 eseeetinm
1141 3845 1203 3880 cnm
1261 3842 1271 3863 ‘

129 3914 163 3966 ln
176 3911 210 3964 C.
224 3911 260 3965 G.
280 3931 315 3964 m.
329 3932 374 3981 ego
391 3931 441 3985 pro
454 3915 526 3964 adeo.
541 3913 582 3966 At.
599 3933 646 3965 nnn
688 3913 840 3968 accusativo
858 3913 1014 3985 jungebant.
1025 3911 1090 3982 Leg.
1109 3908 1138 3962 in
1157 3908 1203 3964 lib.

130 4013 220 4062 qnam,
231 3993 330 4046 omissa
342 4013 387 4062 ego
401 3993 452 4065 leg.
463 4005 489 4047 et
502 3993 643 4059 collocant,
688 4006 742 4048 nut.
755 3993 865 4064 aliisque
874 3991 938 4044 Mse.
949 4005 1061 4060 argento.
1072 3991 1203 4052 -Fierer,

129 4078 196 4144 Νη.
208 4077 271 4126 adeo
285 4075 335 4141 def.
347 4093 409 4142 unq.
423 4093 481 4141 exp.
499 4073 550 4126 Alii
563 4073 645 4128 aliter.
689 4091 740 4145 pro
749 4070 843 4126 confici
857 4083 953 4144 posset.
965 4071 1137 4127 Getunutern
1151 4068 1204 4121 hoe
