2776 4782
317 315 543 403 HECYRA.
572 317 681 384 ACT.
710 315 778 400 IV,
805 315 872 384 SC.
900 315 970 384 ΙΙΙ.
1112 340 1184 412 199

117 451 213 516 tlanc
224 459 365 516 matrem
377 446 503 516 habens
517 445 628 529 talem,
640 443 730 514 illam
743 459 854 514 autem
867 442 1021 516 uxorem!
1040 449 1098 518 So.
1111 450 1184 519 Ob-

276 578 388 640 secro,
409 555 455 621 mi
469 551 660 646 Pamphile,
715 619 717 631 ι
795 567 798 582 '

116 659 195 729 Non
210 675 283 728 tuto
297 659 542 728 incommodam
559 683 652 742 rem,
676 672 715 726 ut
736 682 875 752 quaeque
892 673 961 741 cst,
983 660 1018 728 iu
1036 661 1184 730 animum

276 765 413 835 induces
430 767 511 860 pati.

114 873 149 939 Si
162 885 281 939 caetera
295 873 341 940 ita
355 884 448 954 suut,
465 885 504 940 ut
516 872 585 955 vis,
604 871 714 962 itaque
725 883 763 936 ut
774 894 845 938 esse
858 894 920 962 ego
933 867 988 938 illa
1003 872 1184 961 existumo,

115 978 167 1044 Mi
186 991 308 1070 gnato,
329 977 371 1046 da
388 979 519 1046 veniam
533 977 622 1046 hauc
638 975 740 1063 mihi,
762 975 865 1044 reduc
881 965 981 1045 illam.
1011 979 1104 1048 Pam.
1125 981 1186 1050 Vae

201 1139 204 1146 ,
275 1085 396 1154 misero
412 1079 512 1165 mihil
1146 1113 1186 1151 cos

115 1191 173 1258 So.
201 1191 247 1258 Et
264 1191 347 1260 mihi
366 1187 499 1284 quidem
525 1183 533 1256 l
555 1212 634 1257 nam
651 1187 724 1256 haec
748 1212 888 1256 resnou
903 1189 1012 1258 miuus
1026 1215 1080 1258 me
1098 1189 1185 1259 male

271 1295 373 1365 habet
389 1320 488 1390 quam
503 1309 555 1383 tc,
569 1307 668 1390 gnate
683 1295 739 1362 mi.

385 1469 608 1560 SCENA
639 1465 919 1558 TERTIA.

273 1655 457 1755 Laeuus.
484 1654 720 1724 sosautm.
747 1649 1023 1722 PAMPHILUS.

115 1817 179 1882 La.
204 1815 316 1903 Quem
346 1835 424 1882 cum
458 1815 542 1882 istoc
565 1836 750 1882 sermonem
771 1810 943 1894 habueris,
971 1812 1087 1906 procul
1110 1813 1187 1882 hinc

274 1933 364 1988 stans
378 1921 507 2014 accepi,
527 1944 621 1987 uxor.

149 2063 210 2111 602.
225 2060 305 2111 Huuo
317 2077 423 2112 veroum
438 2059 490 2111 Gu.
506 2059 575 2111 male
587 2075 629 2110 ex·
709 2068 768 2130 604,
778 2065 1011 2120 Uevis‚codd.Bo.
1021 2082 1055 2120 m,
1064 2071 1187 2120 ..Sice-

115 2139 220 2209 pungit.
235 2169 270 2188 «-
282 2143 399 2200 Obsco-o,
419 2141 453 2188 mi
463 2141 563 2206 Pamph.
577 2136 631 2188 Atl-
672 2158 738 2204 tera,
749 2156 800 2197 otc.
810 2145 968 2216 Pamphilus
979 2145 1077 2200 scilicet
1090 2157 1185 2202 catera

115 2230 189 2270 notat
206 2221 376 2269 Lemonnier:
393 2217 531 2270 «Sostrata
546 2217 628 2268 iuteo·
673 2223 925 2287 laudabatuxorem,
935 2236 965 2276 ut
974 2225 1117 2296 optimam:
1132 2227 1185 2279 hoc

115 2311 260 2368 romptson
272 2297 324 2362 fils,
335 2297 453 2368 lotoqu’il
466 2307 527 2349 veut
539 2297 629 2367 parler
672 2321 756 2355 unum
764 2313 823 2354 erat
834 2300 907 2369 quod
921 2304 958 2356 illi
974 2305 1040 2358 vitio
1058 2317 1186 2368 verteret,

114 2375 323 2439 dePhilumtue.
341 2375 399 2429 ulte
412 2375 550 2446 o’imagine
563 2375 629 2447 qu'il
672 2381 745 2451 quod
759 2380 793 2434 ad
810 2399 898 2433 mores
918 2401 1007 2436 socrus
1025 2401 1077 2436 auae
1096 2403 1184 2438 mores

115 2455 567 2508 vadtclamerconuesamauvaise
579 2457 628 2507 hu·
671 2477 732 2512 suos
756 2477 915 2530 componere
929 2479 984 2512 non
1004 2474 1114 2531 poterat.
1134 2468 1181 2516 ea-

116 2553 199 2587 meur.
220 2535 280 2590 Ello
298 2536 337 2587 lui
358 2538 508 2606 representa
527 2553 580 2607 que
598 2554 628 2586 cc
671 2541 774 2588 saubou.

115 2613 208 2666 dtfaut
227 2614 293 2668 n'est
315 2615 373 2668 rien
393 2633 427 2668 en
443 2613 625 2684 comparaison
707 2615 768 2668 605.
784 2619 874 2666 Reduc.
884 2616 914 2668 C.
925 2615 957 2667 G.
968 2632 1003 2670 m.
1018 2619 1182 2672 reducoltid.

60 2739 63 2746 ,
115 2693 626 2755 (1111001111ἰῐεᾶεεαιιῑτεεῐεωωεε,
670 2694 804 2747 codd·.Be.
821 2700 906 2744 -Da
920 2697 1020 2744 veniam
1038 2699 1182 2750 lancmtti.

115 2785 163 2826 etc.
176 2773 261 2824 Faute
269 2772 372 2826 d’avoir
381 2771 429 2825 fait
437 2771 627 2842 attentionque
670 2773 775 2826 Scilicet
792 2783 822 2824 ut
845 2771 957 2826 reducas
978 2773 1060 2825 illam.
1083 2803 1119 2814 --
1140 2783 1183 2828 Va

114 2853 232 2906 Sostrata
241 2865 266 2904 et
276 2849 626 2923 Pamphilcnes’cntcudcut
669 2857 758 2908 misero
785 2855 861 2904 mihi!
880 2853 1045 2906 Exclamatio
1069 2853 1182 2926 ingemi·

115 2933 204 3002 point,
224 2931 249 2984 la
275 2925 448 3004 plupart'dco
466 2941 627 2983 commenta·
670 2935 766 2986 scentia
782 2933 923 3003 Pamphili.
944 2935 1000 2986 Nec
1018 2944 1113 3004 negat,
1131 2953 1182 2988 uec

115 3023 185 3064 teurs
199 3013 274 3064 n'ont
290 3010 349 3062 rien
366 3009 482 3080 compris
495 3015 510 3062 a
524 3029 554 3062 ce
566 3027 627 3081 pas-
669 3013 815 3084 promittit,
836 3012 871 3064 ait
895 3013 1024 3068 Donatus.
1050 3011 1101 3065 Sed
1113 3013 1185 3067 iutu-

115 3109 183 3162 sagc.
193 3116 207 3138 a
670 3093 778 3154 mauolt,
794 3103 885 3162 utpote
900 3091 948 3161 qui
966 3092 1070 3162 penitus
1090 3091 1183 3146 dolore

103 3237 104 3240 Ἴ
148 3171 210 3222 603·
220 3173 336 3220 Indum·
346 3167 421 3222 QG·
431 3186 468 3220 m·
480 3171 627 3218 Indum-
670 3183 835 3234 commotam,
852 3183 943 3223 astum
960 3169 1043 3222 animi
1064 3170 1185 3225 dissimu-

114 3254 170 3300 Non
179 3247 626 3309 tuteincommrempctcssonstrue:
670 3251 725 3304 lare
736 3254 789 3324 jam
806 3269 861 3314 nou¹
873 3259 967 3320 potest.

115 3325 627 3398 «utquaequeuxorestmontutoin·
705 3333 766 3382 606.
784 3334 851 3380 Nam
872 3333 926 3380 loec
945 3337 1061 3392 m‚etc.
1088 3327 1183 3381 Hicin
1256 3329 1261 3338 '

114 3406 198 3459 ducac
210 3407 239 3458 iu
248 3407 368 3458 animum
376 3415 402 3458 tc
415 3403 469 3474 pati
478 3422 535 3455 rom
548 3403 627 3456 valde
670 3409 803 3480 lacrymas
828 3408 939 3462 solvitur
967 3407 1097 3470 Sostrata,
1124 3425 1184 3478 quae

114 3483 321 3539 incommodam.
335 3509 346 3530 ι
357 3485 378 3536 1.
393 3501 419 3536 a.
430 3482 565 3553 reputanti
578 3483 626 3534 tihi
671 3487 817 3540 orationem
831 3488 980 3540 absorbent.
993 3490 1068 3536 BoecL
1174 3542 1176 3546 y

5 3571 7 3576 '
114 3565 223 3634 quaesit
238 3562 341 3616 indoleo
357 3562 430 3632 vulgi
441 3579 568 3624 uxorum,
581 3581 627 3632 ap·
706 3565 748 3617 Su.
762 3585 809 3620 111.
825 3568 857 3619 In
872 3567 924 3619 hoc
938 3565 1074 3635 colloquio
1094 3581 1183 3617 recon-

114 3643 286 3715 parchituon
304 3640 470 3694 intoleranda
492 3659 548 3694 esse
569 3659 633 3724 qipa
672 3642 771 3704 oiliatio
795 3661 888 3698 senum
909 3657 947 3698 est
969 3657 1030 3715 post
1051 3645 1183 3714 jurgium,

115 3721 244 3792 deploras.
265 3721 405 3774 Sententia·
423 3732 514 3774 autem
535 3723 631 3774 verbo·-
672 3723 751 3776 mixta
777 3723 953 3796 disputatione
985 3722 1121 3794 Pamphili
1149 3723 1183 3776 de

116 3817 175 3853 rum
188 3802 217 3854 in
234 3819 266 3870 qo
279 3799 405 3867 vertitur,
417 3799 491 3872 quod
500 3817 567 3871 cupa
577 3801 628 3852 ho·
672 3821 728 3856 non
740 3803 890 3856 reducenda
903 3819 994 3856 uxom.
1006 3808 1071 3854 Dou.

116 3881 199 3934 minae
212 3881 292 3934 rebus
306 3878 368 3951 ipsis
381 3881 466 3932 multo
485 3879 572 3933 minus
586 3899 628 3932 ve·
709 3887 768 3954 607.
779 3885 850 3934 Hinc,
861 3881 948 3935 Codd.
956 3881 1001 3933 Be.
1013 3883 1104 3933 Hic-
1112 3887 1184 3936 Istoc.

116 3958 606 4032 xeutur,quamearumopinionibus.
674 3962 745 4014 Filio
762 3973 856 4016 contro
867 3959 1018 4031 Pamphilo.
1037 3989 1072 4000 -·
1092 3965 1193 4012 Procul·

971 4055 1028 4137 1¹3l
