2776 4782
320 384 545 462 uncins.
573 385 680 456 ior.
709 385 791 469 111,
817 385 887 454 sc.
916 385 958 452 v.
1100 385 1169 481 187
1256 405 1258 410 e

102 518 171 586 Pu.
192 510 438 596 Percontumax
445 503 565 598 redisti
582 516 650 598 huc
672 517 785 600 nobis,
799 514 984 610 Pamphile.

102 623 170 691 LA.
191 621 341 705 Decedet
357 624 406 690 ira
423 622 513 709 haec,
532 625 592 692 etsi
614 624 730 692 merito
748 625 851 692 iratus
869 637 929 692 est.
1049 644 1052 652 ·
1135 648 1173 686 ⁵0⁵

102 731 169 796 ΡΗ.
191 729 279 817 Quia
294 716 430 827 paulurn
448 728 543 798 vobis
561 731 699 804 accessit
715 732 881 830 pecuniae,

103 833 233 906 Sublati
255 836 357 912 animi
378 849 464 905 sunt.
487 839 551 906 Lu.
575 837 685 906 Etiam
708 861 841 912 mecum
859 833 989 932 litigas?

102 941 171 1010 Pu.
189 939 376 1028 Deliberat,
393 944 626 1040 renuntietque
644 942 743 1012 hodia
760 943 856 1030 mihi,

103 1046 251 1134 Velitne,
267 1073 311 1116 an
333 1073 421 1132 non;
439 1064 476 1118 ut
490 1047 563 1137 alii,
584 1050 610 1119 si
631 1049 709 1118 huic
729 1074 796 1120 uon
814 1065 879 1134 est,
897 1051 968 1119 siet.
1168 1123 1171 1130 Δ

103 1155 169 1222 La.
191 1153 378 1250 Phidippe‚
396 1155 495 1242 ades,
514 1155 591 1224 audi
608 1157 721 1251 paucis
738 1181 745 1224 :
763 1156 863 1224 abiit:
879 1155 959 1251 quid
977 1179 1052 1223 mea
1067 1151 1082 1222 l
1134 1171 1173 1252 a..
1226 1250 1228 1256 y

103 1261 276 1329 Postremo
291 1261 377 1330 inter
391 1287 424 1330 se
443 1264 627 1357 transigant
640 1263 719 1356 ipsi,
737 1277 775 1331 ut
788 1261 893 1332 lubet:

103 1367 249 1454 Quando
256 1391 318 1436 nec
327 1383 457 1462 gnatus,
469 1368 635 1463 nequehic
644 1369 727 1437 mihi
735 1368 916 1464 quidquam
930 1369 1174 1462 obtemperant,

104 1473 189 1561 Quae
207 1472 304 1558 dico,
321 1475 416 1570 parvi
431 1475 600 1570 pendunt:
614 1489 712 1570 porto
730 1475 796 1544 hoc
805 1476 952 1570 jurgium

104 1578 157 1646 Ad
175 1604 336 1668 uxorem,
359 1581 453 1674 cujus
471 1581 543 1652 haec
560 1581 646 1650 fiunt
657 1581 795 1650 consilio
809 1583 942 1666 omnia,
965 1653 972 1672 Ι

105 1811 266 1883 Pamphilus.
280 1843 315 1854 -
324 1820 450 1878 Proteus,
462 1814 615 1868 insolenter.
696 1813 756 1882 509.
767 1815 874 1880 Velitne,
886 1833 920 1864 an
930 1833 989 1878 non,
1001 1830 1038 1864 sc.
1049 1810 1176 1866 reducere

105 1901 264 1946 -Protewus
274 1891 335 1946 ideo
345 1893 475 1964 siguificat
490 1897 617 1962 superbus,
660 1911 780 1946 uxorem.
796 1893 839 1946 Cf.
848 1912 887 1947 vs.
899 1894 960 1948 501.
970 1923 1006 1932 -
1021 1897 1051 1942 Ut
1062 1893 1108 1944 atii
1120 1893 1174 1942 siet.

105 1971 141 2023 ait
153 1973 247 2024 Donat.
259 1971 332 2044 quod
348 1985 461 2040 proterat
478 1971 558 2025 alium
574 1973 618 2025 ille
660 1970 791 2033 Suhaudi,
808 1991 875 2024 uxor
889 1973 956 2034 viro,
972 1971 990 2024 i.
1007 1990 1030 2024 e.
1048 1981 1078 2024 ut
1094 1969 1175 2025 aliurn

105 2051 152 2122 qui
164 2063 307 2123 protervus
322 2063 369 2104 est.
660 2049 760 2104 haheat
769 2052 904 2104 maritum.

140 2132 201 2194 504.
211 2138 406 2204 Ρεησοηιαηιακ.
416 2129 537 2200 Proprie,
553 2147 619 2182 con·
698 2129 757 2183 510.
776 2133 902 2198 Phidippo,
920 2134 988 2182 ades.
1000 2131 1114 2182 Revocat
1130 2129 1177 2180 ab·

105 2222 221 2282 temptor
246 2211 389 2282 potiorum.
402 2240 438 2250 -
450 2208 536 2280 Pergit
556 2227 619 2281 ergo
661 2221 779 2262 euntem.
801 2239 836 2250 -
847 2213 915 2260 Audi
929 2211 1025 2276 paucis.
1042 2207 1177 2262 Sententia

104 2291 251 2363 Phidippus
271 2291 297 2343 iu
317 2288 474 2353 irascendo,
496 2291 619 2362 quamvis
661 2287 740 2360 plena
765 2303 851 2350 etset,
869 2293 954 2340 «audi
966 2307 1009 2341 me
1024 2288 1176 2360 loquentem

105 2384 213 2424 moneat
225 2370 334 2424 Laches.
344 2369 378 2422 Et
386 2388 490 2440 magnae
504 2381 542 2424 est
551 2369 619 2422 iudi·
658 2371 747 2434 pauori
755 2366 1178 2421 verbis.»-Atiu.subaud.Phi-

104 2450 237 2523 guntionis
265 2451 385 2504 absentes
414 2449 523 2521 alloqui.
547 2449 620 2501 Abiit
661 2445 843 2517 dippus3non
861 2446 1064 2510 autem,lilius,
1079 2458 1110 2498 ut
1118 2447 1177 2498 vult

104 2530 177 2582 enim
188 2529 345 2600 Pamphilus
360 2527 425 2581 iude
436 2547 451 2581 a
461 2547 501 2583 rs.
514 2531 620 2596 t9t.-
661 2525 833 2577 Perletns.·-
841 2529 908 2592 Quid
914 2545 970 2577 mea
978 2535 991 2576 t
1000 2527 1041 2579 Sc.
1051 2525 1142 2589 refert,
1152 2536 1178 2578 et

104 2613 190 2662 Nobis.
197 2617 240 2682 Τῷ
250 2613 400 2682 ἀττικισμῷ.
407 2610 476 2661 Nam
486 2609 621 2660 autahun·
661 2621 738 2674 supp.
749 2605 813 2656 tales
820 2605 890 2658 inter
899 2623 945 2657 eos
957 2623 1013 2658 esse
1025 2603 1179 2657 discordias.

103 2689 167 2754 dat,
186 2701 231 2742 aut
251 2689 404 2760 significatu
422 2687 536 2760 *adjuvat
557 2705 621 2759 pro·
662 2682 763 2735 Gallice
789 2683 938 2736 diceremus
958 2701 965 2734 ε
983 2687 1086 2753 «apres
1110 2694 1176 2742 tout,

104 2769 309 2830 nuntiationem.
662 2779 715 2830 que
737 2761 904 2832 m'importe?
920 2760 997 2832 qu’ils
1017 2763 1181 2832 s’arraugent

139 2852 202 2903 505.
217 2853 332 2900 Decedet.
340 2846 393 2898 Alii
404 2884 412 2911 ,
424 2849 551 2915 deujam.
663 2857 770 2892 comme
782 2839 814 2892 ils
833 2839 1020 2896 l’entendront.
1029 2865 1042 2884 ιν

140 2932 200 2984 soe.
214 2933 329 2980 Paulum.
349 2925 417 2989 Alii,
433 2929 574 2994 pardulum.
585 2953 621 2964 -
700 2917 762 2972 512.
777 2919 827 2972 Hic
838 2938 929 2976 versus
937 2931 962 2971 et
972 2919 1019 2992 qui
1030 2929 1179 2990 sequuntur

103 2995 215 3062 Paulum·
222 3009 349 3075 pecuniae,
364 3003 437 3076 quod
450 3005 505 3057 scil.
519 3003 622 3058 Phania
667 2995 774 3070 Guyeto
791 2999 892 3051 insititii
906 2997 1039 3052 videntur.
1056 3003 1132 3053 West.
1145 3028 1182 3038 -

102 3083 622 3159 reliquit.Cf.vs.463,etindeinnuere
665 3081 788 3144 Quando,
810 3079 952 3152 quoniam,
976 3079 1119 3150 siquidem.
1144 3108 1180 3118 -

103 3165 214 3221 ridetur
224 3184 231 3220 :
241 3189 252 3212 α
264 3165 325 3236 quia
336 3163 440 3217 habetis
449 3162 523 3216 unde
531 3163 622 3216 dotem
664 3160 751 3224 Neque
762 3160 810 3220 hic,
823 3157 979 3228 Phidippus.
987 3160 1178 3224 -Qur'dquem,

103 3245 232 3301 reddatis.
246 3270 257 3291 η
272 3245 361 3297 Minus
374 3245 454 3306 bene,
472 3243 623 3314 «quianul-
668 3235 816 3288 secundum
830 3236 995 3309 quidquam,
1013 3235 1069 3286 ullo
1091 3234 1182 3288 modo.

103 3327 157 3378 lam
177 3343 284 3378 causam
298 3323 417 3376 habeatis
437 3322 559 3394 repudii,
577 3321 624 3374 sed
664 3319 888 3385 autumpnum,
900 3313 1051 3368 auscultare
1063 3314 1166 3368 volunt.

103 3403 232 3466 ditiorem
244 3403 367 3474 quaeratis
381 3401 621 3474 conjunetionem.-
702 3395 762 3449 513.
775 3401 851 3447 Porto
864 3400 910 3448 hoe
921 3396 1040 3463 jurgium.
1055 3393 1095 3446 Eo
1113 3411 1181 3445 nun-

140 3485 205 3553 507.
224 3487 319 3536 Sublati
328 3486 406 3535 aniani
415 3499 481 3536 suut.
492 3483 623 3536 Elatioret
665 3472 760 3524 ilatum
773 3473 938 3528 hunerixaffl
948 3473 1024 3535 1110Γῖ
1038 3489 1113 3524 11¹0oe-
1178 3475 1183 3486 Ι

103 3563 194 3616 animo
215 3575 241 3615 et
255 3563 397 3616 ferociores
417 3562 481 3614 sacti
504 3562 573 3614 estis.
588 3577 626 3600 -·
676 3567 679 3572 “
702 3551 762 3616 514.
772 3559 961 3626 Cuj.lroecfiunt.
971 3552 1045 3606 QG.
1057 3554 1102 3606 ch.
1113 3550 1184 3605 miro

103 3645 188 3694 Etiam
202 3661 305 3694 mecum.
316 3641 452 3694 Invidiosa
463 3681 470 3705 ,
481 3640 556 3712 quasi
566 3642 623 3711 jam
665 3627 760 3684 milne
773 3633 839 3699 hoc,
852 3637 979 3705 hoecfiunt
992 3653 1012 3686 o.
1027 3635 1113 3684 -Ad
1120 3649 1184 3682 uxo-

106 3739 171 3774 curu
201 3722 344 3793 Pamphilo
374 3721 435 3775 satis
470 3717 621 3790 litigaverit.
666 3725 732 3773 rem,
749 3724 799 3766 etc.
814 3715 856 3767 Ita
868 3715 984 3786 postulat
998 3714 1124 3784 ohouopr'a
1136 3710 1183 3763 de-

106 3808 202 3855 Donat.
444 3790 446 3796 ’
666 3788 731 3840 ferri
742 3791 863 3864 jurgium
883 3792 918 3846 ad
929 3791 1184 3854 uxorem,utiuno·

143 3883 202 3934 508.
215 3883 350 3943 Deliberat,
368 3882 545 3946 renuntietque.
562 3877 623 3930 Per·
666 3869 749 3922 centis
760 3885 888 3926 matronae
902 3871 1009 3923 miseria
1020 3869 1184 3928 ostendatur,

103 3961 144 4032 git
153 3960 305 4031 Phidippus
318 3960 346 4012 in
357 3961 475 4012 instituta
489 3957 625 4020 oratioue,
671 3947 792 4018 inquam
812 3951 911 4004 morosi
930 3949 999 4001 senis
1023 3949 1136 4022 suspicio
1160 3958 1186 3999 et

103 4059 155 4094 nec
169 4039 281 4094 attendit
295 4039 329 4092 ad
339 4040 420 4094 rerba
431 4037 563 4092 Lachetis.
675 4030 854 4086 inhumanitas
890 4047 1013 4098 magnam
1043 4030 1185 4093 turbarunt¹
