2864 4776
235 357 306 444 344
461 359 648 438 runnu
672 331 924 430 rnneniu
949 359 1066 428 nrm

233 495 288 564 Sic
300 490 399 562 dabo.
413 492 503 587 Age,
516 515 578 588 age
590 493 1013 586 nunc,.Phormionem‚qui
1027 489 1118 560 volet
1128 488 1303 560 lacessito:

233 601 323 668 Faxo
341 597 398 668 tali
417 623 493 668 eum
512 613 714 683 mactatum,
736 614 836 694 atque
853 600 908 670 hic
928 613 998 686 est,
1017 597 1208 667 infortunio.

233 703 361 774 Redeat
382 706 508 776 sanein
526 707 665 800 gratiam
682 723 691 772 :
706 705 775 798 jam
793 704 933 801 supplici
948 706 1025 774 satis
1039 719 1090 773 est
1104 703 1194 773 mihi.

183 877 186 884 .
233 811 345 880 Habet
365 811 437 880 haec
459 813 490 879 ei
512 809 622 906 quod,
649 811 729 880 dum
761 813 853 881 vivat
877 835 999 906 usque,
1030 810 1073 878 ad
1093 835 1212 893 aurem
1238 807 1303 877 ob·

392 919 538 1010 ganniat.

232 1021 276 1091 N.
292 1023 336 1090 At
351 1045 426 1090 meo
445 1025 564 1092 merito
584 1021 696 1094 credo.
716 1022 807 1112 Quid
825 1047 887 1118 ego
910 1009 1006 1092 nunc⁸
1017 1044 1303 1102 commemorem,

393 1129 579 1224 Demipho,
1249 1135 1304 1176 ¹⁰³⁰

233 1231 444 1328 Singulatim,
461 1233 567 1330 qualis
591 1259 653 1330 ego
682 1237 717 1304 in
735 1236 826 1306 hunc
852 1234 992 1306 fuerim?
1010 1237 1076 1304 De.
1098 1233 1188 1303 Novi
1208 1255 1304 1325 aeque

391 1364 504 1410 omma
1188 1391 1192 1412 .

234 1445 368 1514 Tecum.
391 1448 435 1518 N.
460 1445 616 1516 Meriton’
636 1447 702 1516 hoc
718 1471 793 1518 meo
820 1448 952 1518 videtur
975 1443 1127 1517 factum?
1153 1447 1220 1513 Dr..
1234 1444 1303 1510 Mi·

394 1577 495 1622 nume
520 1557 691 1648 gentium3

235 1659 381 1746 Verum,
401 1659 535 1753 quando
547 1659 616 1752 jam
631 1659 817 1730 accusando
833 1659 905 1730 lieri
921 1657 1081 1728 infectum
1094 1681 1164 1724 non
1181 1669 1304 1748 potest,

234 1764 375 1857 Ignosce
391 1791 399 1833 τ
414 1779 503 1848 orat,
521 1765 710 1854 confitetur,
729 1781 868 1862 purgat3
890 1765 968 1860 quid
988 1766 1040 1834 vis
1059 1759 1224 1857 amplius?
1269 1786 1272 1796 ¹
1330 1773 1336 1778 “

237 1871 325 1938 Pno.
349 1871 448 1940 Enim
471 1895 551 1940 vero
575 1873 767 1966 priusquam
787 1873 860 1942 haec
881 1872 938 1941 dat
957 1871 1102 1950 veniam,
1125 1868 1207 1938 mihi
1225 1893 1305 1962 pro·

394 1977 531 2072 spiciam
552 1991 586 2046 et
603 1977 770 2050 Phaedriae.
1252 1988 1305 2026 ¹⁰³⁵

238 2257 243 2268 .
276 2221 747 2293 1026.Age,nge.Aliiomittuntage
791 2223 847 2277 coil.
861 2219 1306 2287 Nausistrata.—0bganaiat,oc·

237 2297 377 2366 posteriue.
409 2328 445 2338 —
465 2303 505 2350 Sic
525 2305 599 2354 dabo.
622 2303 747 2356 Formula
791 2303 864 2356 einat
882 2311 908 2354 et
918 2301 1108 2353 obmurmuret.

239 2374 436 2448 triumphandi,
451 2378 557 2452 quando
571 2398 612 2434 rea
622 2381 747 2434 succeseit
828 2382 904 2434 1030.
919 2385 963 2432 At.
975 2379 1123 2430 A1.An.-
1133 2378 1223 2427 comm.
1237 2373 1305 2434 Alii,

239 2473 271 2507 ex
281 2467 352 2510 voto.
367 2457 437 2510 Bene
452 2459 529 2510 vertit
541 2459 660 2512 Dacieria
673 2479 680 2514 :
695 2486 707 2506 ι
717 2479 747 2514 ce
791 2479 821 2512 ea
844 2479 998 2512 commemor.
1013 2487 1048 2498 --
1063 2461 1098 2507 At
1121 2474 1175 2506 meo
1195 2473 1255 2504 mer.
1268 2472 1305 2504 er.

240 2545 299 2586 cont
312 2534 442 2591 lademer
455 2549 559 2590 tonrs.»
792 2538 898 2592 Scilicet
917 2536 1078 2592 commisisse
1097 2533 1149 2586 hoc
1172 2532 1307 2585 maritum.

278 2631 353 2684 10²7·
368 2622 432 2668 Eum
447 2632 520 2670 mace.
537 2618 596 2670 Lib.
612 2619 703 2671 Bemb.
718 2621 750 2671 sit
792 2618 898 2671 Ironice
910 2616 1038 2687 loquitur.
1052 2645 1088 2656 -
1098 2616 1178 2680 Quid,
1193 2629 1251 2664 carr.

241 2707 380 2759 martana,
391 2696 492 2768 absque
508 2715 628 2769 pronom.
641 2717 703 2749 eum.
713 2728 749 2738 -
831 2698 905 2750 1031.
914 2696 1070 2764 Singulatim.
1080 2692 1150 2745 c.G.
1161 2710 1199 2744 m.
1212 2693 1309 2759 sigilla·

242 2779 301 2840 Atq.
313 2771 362 2825 tic.
372 2775 436 2838 Alii,
449 2789 502 2843 atq.
521 2779 641 2829 Chremes.
655 2776 750 2829 Glosen
795 2779 845 2828 tim.
861 2777 963 2828 Ernsm.
977 2773 1020 2826 ed.
1034 2772 1190 2840 singillatim.
1205 2799 1241 2809 -
1253 2771 1307 2820 Sin-

242 2850 356 2904 videtnr.
366 2883 400 2892 -
414 2859 497 2919 Faxo,
514 2855 625 2920 luciam,
641 2855 750 2908 curabo.
792 2859 905 2924 galatim,
916 2851 1080 2906 minutatim.
1089 2881 1125 2890 -
1135 2852 1308 2916 Equum,

242 2959 278 2970 —
289 2935 438 2993 Macmmm,
449 2931 598 3002 perditum,
616 2934 750 2987 obrutum.
796 2948 850 2988 tem
864 2934 943 3005 plane
957 2950 1039 3004 qnam
1050 2942 1079 2982 tn
1092 2929 1158 2999 ipsa.

244 3037 277 3048 -
289 3013 390 3070 Macte,
407 3010 518 3062 verbum
536 3024 575 3064 eet
590 3025 751 3084 sumpturae
834 3014 909 3066 1032.
920 3014 1042 3063 Meriton¹.
1055 3011 1087 3062 L.
1099 3005 1192 3059 Bemlr.
1210 3007 1306 3056 merito.

243 3086 334 3141 sacris.
350 3089 455 3142 Dictum
468 3101 575 3160 putent,
587 3091 662 3162 quani
671 3094 752 3160 magis
833 3093 909 3146 1033.
922 3093 1045 3158 Quando,
1057 3087 1194 3158 quoniam.
1207 3115 1244 3124 --
1256 3089 1307 3135 Ac-

244 3179 333 3231 anrto,
354 3166 382 3220 id
400 3180 453 3234 art,
472 3187 568 3238 augem-
587 3187 650 3221 nam
669 3171 752 3240 prine-
796 3176 905 3224 curando
915 3166 1167 3236 ‚criminationibus
1184 3175 1211 3216 et
1224 3164 1310 3216 incre-

244 3265 324 3316 quam
337 3247 472 3301 victimari
487 3247 671 3310 immolarent,
689 3248 751 3301 thua
766 3247 769 3254 ¹
795 3251 954 3322 petionibus.
970 3280 1005 3290 -
1018 3251 1085 3300 Fieri
1097 3247 1146 3313 ins.
1160 3264 1211 3318 non
1217 3257 1309 3311 potest.

244 3337 289 3377 aut
306 3325 397 3381 vinnm
419 3347 499 3400 super
514 3347 572 3380 eam
592 3326 750 3398 fundebantj
795 3349 872 3402 supp.
883 3356 895 3375 u
904 3331 960 3381 haec
970 3346 1024 3380 non
1036 3337 1083 3380 tuo
1092 3325 1188 3378 merito
1200 3324 1284 3384 fecta,
1296 3349 1310 3368 ν

243 3404 315 3457 nude
329 3409 514 3460 mactamillam
524 3405 661 3468 dicebant,
676 3405 752 3478 quasi
795 3428 834 3464 vs.
845 3406 961 3480 praeced.

244 3486 671 3552 inagisanetamMnetaremorte,
687 3504 751 3555 sup-
833 3489 909 3550 1034.
935 3494 1034 3554 Purgat.
1068 3485 1244 3555 Expostulat,
1279 3495 1312 3534 ut

243 3561 333 3632 plicio,
352 3565 468 3630 damno,
485 3567 634 3634 infortunio,
653 3557 752 3619 dicitur
798 3587 872 3620 enam
884 3567 1068 3639 purgationem
1078 3563 1313 3634 accipiam-Quid

242 3660 291 3713 per
300 3644 488 3715 metaphoram.
500 3648 547 3696 Ed.
559 3649 646 3711 Delph.
796 3650 838 3698 vis
848 3649 969 3714 amplius?
978 3646 1100 3697 Precator
1109 3642 1201 3696 omnia
1213 3661 1309 3694 conce·

281 3723 358 3774 1028.
372 3727 486 3791 Supplici.
506 3725 547 3776 ΔΙ.
568 3726 625 3777 aine
643 3741 751 3798 syncop·
798 3726 847 3788 dit,
858 3723 1006 3778 dummodo
1020 3723 1099 3778 venia
1109 3721 1194 3774 detur.
1224 3767 1227 3773 ,

241 3803 403 3866 irtpplicii.-
414 3806 507 3854 Redeat
519 3824 539 3856 s.
554 3808 579 3855 in
589 3825 628 3873 gr.
637 3805 723 3858 Etiam
732 3802 758 3855 si'
836 3803 910 3858 1035.
923 3810 982 3857 Dat.
998 3804 1027 3857 C.
1041 3803 1074 3855 G.
1089 3821 1126 3855 m.
1138 3806 1187 3854 det.
1199 3836 1230 3847 -
1242 3806 1309 3852 Hoec.

242 3881 429 3934 reconcilietur
442 3901 503 3936 cum
516 3903 607 3937 uxore.
798 3883 966 3937 Nausistrata.
980 3913 1016 3924 -
1025 3889 1077 3934 Dat
1092 3902 1151 3934 vam
1167 3899 1245 3952 supp.
1259 3899 1309 3931 suo

283 3975 356 4026 ¹0²9·
372 3965 433 4012 Dum
442 3965 572 4030 oivatresq.
583 3962 754 4032 Distinguunt
798 3962 900 4015 marito.
915 3993 949 4004 -—
969 3965 1033 4013 Mitt
1041 3982 1082 4029 pr.
1101 3977 1125 4013 ot
1141 3963 1225 4012 etad.
1247 3960 1309 4012 Hac

243 4034 317 4087 Bent.
330 4039 418 4093 Weet.
439 4055 497 4110 post
524 4045 600 4095 vivae.
625 4073 658 4084 --
682 4047 753 4104 nac,
799 4042 905 4096 seorsim
920 4042 1053 4096 dicuntur.
1100 4098 1103 4104 ,
