2824 4778
248 387 317 430 nra
401 353 408 362 ’
477 301 1077 428 PUBLIItERENTIIAFRI

173 571 175 578 ¹
243 496 402 564 Inscitum
419 490 541 560 offerre
559 491 711 584 injuriam
727 490 786 558 tibi
804 492 1006 578 immerenti,
1027 492 1175 585 iniquum
1191 505 1252 560 est.
1263 521 1295 570 no
1379 557 1380 566 ,

246 606 327 671 Bnc.
347 602 407 668 Est
424 620 545 692 magna
559 611 688 666 ecastor
706 597 810 690 gratia
825 596 868 664 de
887 597 968 666 istac
986 622 1038 679 re,
1056 620 1156 691 quarn
1176 597 1232 666 tibi
1246 599 1295 666 ha-

403 705 510 772 heum.

248 815 336 883 Nam
346 812 402 905 qni
412 823 487 905 post
495 807 614 877 factam
625 809 777 902 injuriam
789 831 823 876 se
832 822 1004 901 expurget,
1013 823 1130 900 parum
1142 809 1188 876 mi
1195 810 1296 904 prosit.

246 919 311 988 Sed
325 916 404 1012 quid
420 917 505 984 istuc
522 912 599 984 est?
619 917 682 982 Ln.
700 915 816 982 Meum
830 928 979 1008 receptas
991 913 1095 983 filium
1109 914 1151 982 ad
1165 925 1205 984 te‘
1215 913 1298 984 Pam-

404 1019 541 1116 philum.
563 1023 647 1088 Bac.
667 1015 739 1088 Ah!

248 1133 310 1198 La.
327 1129 404 1197 Sine
421 1127 549 1196 dicam:
567 1150 705 1194 uxorem
720 1125 807 1193 lianc
821 1125 912 1220 prius
930 1149 1029 1219 quam
1043 1124 1154 1213 duxit,
1165 1141 1299 1196 vestrum

405 1257 551 1302 amorem
571 1230 700 1324 pertuli.

248 1343 364 1427 Mane,
380 1338 528 1407 nondum
540 1338 636 1406 etiam
650 1336 716 1404 dixi
731 1337 820 1430 quod
832 1351 864 1405 te
881 1335 986 1406 volni:
1003 1336 1058 1406 hic
1070 1357 1160 1406 nunc
1176 1363 1301 1407 uxorem

406 1445 515 1514 habet.
1267 1459 1300 1510 nn

248 1555 369 1643 Quaere
397 1551 498 1620 aliurn
522 1549 582 1618 tibi
608 1548 808 1633 firmiorem,
847 1550 926 1621 dum
955 1548 1014 1617 tibi
1043 1563 1174 1644 tempus
1197 1567 1301 1619 consu·

410 1657 498 1726 lendi
520 1671 578 1724 est.
899 1661 901 1665 ’

251 1801 370 1854 Perletus
383 1815 391 1850 t
410 1818 445 1850 ne
457 1797 547 1851 odiose
559 1795 629 1849 dieat
639 1796 761 1849 meretri·
806 1794 880 1867 quod
889 1813 933 1848 me
944 1793 1129 1867 compellatum
1141 1789 1263 1848 voluisti?
1274 1826 1303 1836 -

253 1900 313 1945 ces,
328 1898 361 1932 ne
377 1879 474 1930 amicas
485 1875 605 1947 quidem.
665 1895 671 1928 t
806 1876 1105 1947 Receptus,lrequentius
1114 1875 1303 1956 recipie-Al.

287 1966 347 2029 740.
358 1960 420 2008 Tibi.
432 1957 489 2008 Lib.
500 1966 554 2005 ant.
570 1973 617 2006 me.
632 1953 692 2005 Non
701 1953 764 2005 hab.
806 1954 885 2019 Quod
898 1955 994 2007 falsum
1004 1966 1043 2007 est
1051 1993 1058 2016 ,
1067 1955 1221 2008 reclamavit
1231 1972 1303 2007 mere·

254 2043 304 2093 Do.
322 2048 347 2088 et
367 2037 385 2088 l.
401 2035 491 2086 Remb.
509 2031 712 2084 Distinctionem
723 2050 764 2084 se·
806 2034 857 2086 trix
870 2034 955 2086 statim
966 2051 974 2096 ;
986 2047 1011 2086 et
1021 2033 1106 2086 voluit
1121 2032 1304 2092 contradicere,

253 2132 322 2189 quor
335 2115 479 2185 vulgatam.
501 2110 546 2163 Fa.
566 2110 654 2181 jungit
670 2114 765 2162 mmet.
807 2112 829 2166 si
842 2111 1006 2183 permitteret
1019 2131 1106 2164 senex.
1116 2118 1180 2172 Don.

254 2215 315 2248 cnm
332 2197 394 2260 iniq.
409 2205 460 2254 est,
478 2190 537 2240 colo
555 2188 640 2258 posito
653 2200 767 2241 ante-
843 2199 903 2262 744.
915 2186 973 2243 Sine
990 2195 1080 2244 dicam.
1097 2192 1250 2264 interpellat
1271 2204 1304 2242 se·

255 2276 380 2326 Inscitum.
398 2268 537 2337 Inelegans
555 2279 582 2318 et
598 2265 767 2318 inhonestum
808 2291 870 2323 nex.
881 2276 1004 2334 —Hanc‚
1014 2289 1093 2342 quam
1107 2290 1178 2323 nunc
1188 2271 1307 2323 hahet—
1384 2301 1385 2304 =

256 2364 312 2417 ειη
324 2351 379 2413 vel,
392 2367 434 2400 me
446 2345 628 2416 inelegantem.
813 2357 929 2401 Vestrum.
939 2349 1000 2402 Non
1011 2349 1307 2422 ipsiusanphili.Ergo

294 2424 356 2502 74'1.
370 2434 416 2481 Est
428 2444 535 2494 inagna,
556 2436 605 2477 etc.
623 2423 699 2478 Ordo
712 2437 767 2478 est:
810 2427 909 2479 blande
926 2438 952 2479 et
967 2429 1120 2482 honorificet
1135 2430 1196 2480 Non
1211 2428 1308 2482 animil-

258 2524 359 2567 ecostor
378 2508 472 2580 gratia,
491 2523 572 2576 quam
594 2504 771 2573 habeum(de·
810 2508 861 2560 lius
871 2525 988 2560 amorem
997 2505 1109 2560 et'tuum
1121 2505 1309 2580 quaestum3sed
1385 2529 1386 2538 ¹

258 2595 309 2646 beo
319 2589 427 2653 habere)
442 2598 462 2637 t.
473 2583 507 2637 de
519 2584 546 2635 h.
555 2602 599 2648 re,
610 2596 649 2636 est
662 2602 768 2654 magna.
812 2604 927 2639 amorem
943 2598 1068 2640 vestrum.
1088 2584 1160 2640 Nihil
1170 2587 1253 2659 potuit
1264 2585 1309 2639 dici

260 2704 296 2716 ..-
305 2669 345 2722 nd
357 2669 431 2720 hunc
444 2661 672 2717 versum'adnotat
685 2666 772 2716 Dona·
812 2665 974 2718 familiarius.
982 2668 1072 2717 Pertuli
1076 2677 1181 2731 autem,
1196 2672 1310 2738 quantam

261 2766 323 2804 tus:
341 2774 352 2795 ι
363 2747 486 2798 Imitatur
500 2742 544 2794 bic
561 2753 586 2794 et
603 2743 686 2796 senile
697 2754 722 2794 et
735 2743 772 2794 le·
814 2745 868 2797 vim
887 2744 1020 2815 patientiae
1033 2744 1130 2809 habet,
1141 2759 1310 2817 quantumque

263 2831 381 2882 mineum
397 2821 597 2892 tardiloquium.
613 2847 624 2867 ι
646 2821 699 2874 Sed
717 2841 773 2884 cur,
814 2821 1187 2895 ponderismelaedimereatur
1195 2821 1309 2878 ulterius!

262 2907 361 2961 refellit
370 2902 511 2966 Boeclerus,
524 2900 559 2950 ad
573 2919 662 2954 sexum
675 2913 700 2952 et
715 2913 775 2953 seta·
816 2909 908 2954 Donat.

264 3000 317 3056 tem
332 2981 480 3037 referimus,
492 2977 564 3048 quod
577 2979 655 3030 babet
668 2980 775 3048 propio·
851 2981 910 3052 745.
925 2987 1014 3047 Mane,
1027 2985 1102 3033 nond.
1114 2985 1206 3048 etiarn,
1217 2993 1264 3036 etc.
1276 2983 1313 3033 In-

262 3083 305 3117 res
328 3063 355 3113 in
373 3061 427 3130 ipsa
443 3059 566 3128 οἰκονομίᾳ
584 3063 693 3108 causas?
707 3059 775 3109 Nam
816 3060 972 3130 terpcllabat
986 3062 1055 3114 enim
1067 3062 1194 3126 Bacchis,
1205 3083 1258 3116 non
1268 3081 1314 3114 sus·

266 3156 291 3196 et
301 3139 404 3194 Laches
413 3136 576 3198 decreverat,
588 3147 710 3188 accurate
718 3155 776 3206 age-
816 3140 903 3191 tineus
916 3139 1023 3204 audire,
1038 3160 1095 3212 qua
1105 3141 1156 3192 sibi
1168 3143 1235 3194 falso
1244 3139 1315 3214 objici

265 3243 294 3276 re
316 3238 346 3273 ac
367 3216 493 3281 comiter;
508 3227 533 3268 et
551 3213 661 3267 Bacchis
672 3215 776 3266 blandae
817 3219 924 3270 sciebat.
941 3225 1045 3271 casaub.
1060 3251 1095 3261 —
1113 3225 1187 3286 Quod
1194 3237 1222 3272 se
1239 3222 1303 3272 uolui
1308 3255 1315 3280 ‚

267 3297 395 3357 orationis
405 3294 525 3348 subsidio
536 3291 569 3346 ad
579 3312 667 3346 senem
678 3331 685 3356 ‚
697 3313 776 3364 quem
818 3316 893 3368 supp.
904 3297 1004 3351 andire.
1014 3325 1049 3338 -α-
1059 3304 1105 3350 Hic
1116 3321 1142 3352 n.
1158 3317 1232 3352 uxor.
1245 3303 1316 3351 lubet.

266 3382 315 3434 sibi
327 3378 466 3432 adversum
475 3376 529 3444 jam
537 3373 728 3444 suspicabatur,
738 3373 777 3425 uti
819 3377 884 3429 Cum
890 3376 1090 3432 denuntiatione
1098 3378 1317 3449 pronuntiandum

267 3457 449 3514 constituerat.
471 3451 550 3504 Unde
572 3463 662 3522 postea
681 3471 777 3518 senex,
819 3467 874 3508 est:
893 3456 967 3526 quasi
982 3456 1072 3510 dicat:
1097 3483 1110 3502 α
1120 3458 1181 3510 Alia
1199 3477 1240 3510 res
1255 3469 1316 3510 est.»

267 3559 306 3591 vs.
323 3539 391 3606 760:
422 3557 433 3578 ι
443 3531 548 3583 facilem
567 3531 778 3604 benevolumque
855 3539 915 3604 746.
929 3539 989 3588 Tibi.
1009 3537 1066 3588 Lib.
1082 3547 1136 3588 nnt.
1150 3539 1262 3589 amicum.
1274 3535 1318 3587 dlii

268 3619 360 3688 lingua
371 3625 418 3664 tua
429 3613 484 3682 jam
496 3608 546 3661 tibi
558 3628 601 3661 me
614 3609 740 3664 reddidit.
752 3637 765 3656 ι·
819 3635 873 3668 non
888 3615 947 3667 hab.
961 3633 996 3654 ·-
1005 3619 1158 3681 Ft'nniorem,
1168 3616 1319 3668 stabiliorem

305 3702 365 3766 7¹5²·
381 3691 422 3744 Mi
426 3689 511 3757 prosit.
525 3687 593 3739 Mihi
608 3691 777 3743 commodum
820 3705 972 3747 amatorem.
983 3724 1018 3733 —-
1031 3700 1095 3745 Dum
1108 3698 1152 3744 tibi
1170 3710 1241 3762 temp.
1260 3709 1318 3743 cons.

267 3772 393 3828 attulerit.
405 3769 453 3820 llis
467 3766 555 3830 innuit
567 3767 647 3819 malle
657 3787 685 3819 se
696 3789 777 3822 excu·
820 3789 861 3824 est.
870 3774 974 3837 Sensus,
983 3773 1047 3825 dum
1056 3785 1116 3826 aetas
1124 3773 1153 3826 in
1169 3773 1235 3826 flore
1244 3772 1319 3845 posita

208 3915 216 3936 x
268 3853 381 3905 sationes
398 3860 459 3900 ante
477 3846 603 3918 injuriam
625 3865 706 3916 quam
718 3861 778 3918 post
821 3867 873 3918 est,
892 3853 971 3905 facies
991 3851 1132 3904 vendibilis
1156 3853 1234 3904 etiam
1255 3867 1318 3902 nunc

267 3931 391 4001 injuriam
409 3927 476 3980 lieri.
486 3955 489 3962 v
820 3921 867 3984 est.
876 3932 909 3990 Et
923 3941 962 3984 est
972 3931 1040 3984 ordo
1053 3949 1060 3983 :
1079 3957 1090 3978 α
1099 3937 1164 3983 Dum
1175 3946 1246 3999 temp.
1257 3948 1318 3981 coru.

298 4008 360 4080 743.
371 4010 420 4058 Sed
431 4027 456 4072 q.
469 4009 506 4058 ist.
516 4015 566 4059 estc²
576 4025 653 4078 supp.
667 4020 774 4078 propter
819 4011 914 4090 astuti.
924 4036 936 4056 n
947 4011 1017 4062 Don.
