2834 4788
326 400 943 489 Ananru.tor.u,so.n.
1116 403 1161 500 37

9 547 13 560 '
102 531 202 628 Nunc
226 529 322 615 vide,
344 544 456 600 utrum
481 531 550 620 vis,
573 547 747 626 argentum
772 535 942 629 accipere,
964 556 1006 602 an
1034 559 1166 606 causam

262 634 414 704 meditari
434 651 535 705 tuam.

102 737 258 816 Delibera
279 741 363 833 hoc,
385 741 464 812 dum
486 768 549 837 ego
571 743 687 832 redeo,
708 739 797 812 leno!

328 947 553 1037 SCENA
585 949 944 1039 SECUNDA?

532 1135 739 1209 &nmo

498 1318 556 1384 SA.
575 1317 664 1385 Proh
681 1301 833 1412 supreme
850 1315 993 1412 Jupiter!

99 1420 241 1488 Minime
259 1420 381 1508 miror,
399 1425 456 1516 qui
474 1423 615 1490 insanire
631 1423 799 1516 occipiunt
816 1447 856 1490 er
870 1425 998 1517 injuria.

98 1528 213 1596 Domo
231 1551 286 1596 me
304 1529 442 1620 eripuit,
457 1527 659 1612 verberavit,
678 1553 731 1597 me
750 1530 854 1598 invito
873 1530 1010 1599 abduxit
1026 1551 1149 1617 meam,

98 1633 236 1700 Homini
254 1634 374 1702 misero
393 1632 467 1726 plus
484 1635 680 1728 quingentos
695 1633 853 1729 colaphos
871 1635 1005 1729 infregit
1023 1637 1112 1704 mihi.
1128 1682 1166 1708 20..

98 1738 154 1806 Ob
173 1737 349 1807 malefacta
365 1738 436 1808 haec
455 1739 614 1808 tantidem
633 1755 778 1834 emptam
794 1739 940 1834 postulat
954 1741 1015 1809 sihi
1028 1741 1167 1810 tradier.

97 1939 137 1986 se,
151 1917 254 1974 constat
268 1921 338 1975 inter
351 1940 451 1975 omnes.
468 1921 520 1974 Sed
532 1923 608 1994 plura
652 1924 710 1994 lup.
731 1922 846 1976 Advorte
867 1923 1020 1994 vigilantem
1044 1937 1164 1994 poetam,

95 1999 158 2053 vide
170 2000 245 2071 apud
259 1997 368 2053 Boecler.
381 2002 427 2072 qui
449 2001 531 2054 fusius
550 2015 608 2056 tra·
652 2015 684 2054 ut
694 2003 856 2074 ubicumque
874 2003 903 2054 in
922 2002 1057 2056 comedia
1070 2022 1163 2058 vocem

96 2093 151 2134 ctat
160 2080 305 2151 legitimam
329 2080 398 2132 hanc
419 2081 608 2152 quaestionem,
649 2083 776 2152 tragicam
784 2082 1014 2147 extulerit,statim
1023 2099 1161 2154 personam

95 2159 176 2212 ulmis
187 2161 276 2212 forsan
293 2161 427 2214 consultus
447 2161 513 2230 juris
524 2161 551 2212 in
563 2179 608 2213 ex·
649 2162 766 2214 insanam
778 2160 867 2214 dicere
880 2162 966 2214 faciat.
975 2161 1018 2215 sic
1028 2173 1054 2214 et
1063 2181 1161 2235 supra,

94 2237 230 2308 planando
239 2239 358 2292 Comico.
367 2263 403 2274 -
411 2240 475 2293 Nam
488 2259 534 2310 ego
547 2239 607 2290 libe-
650 2259 687 2292 vs.
700 2259 749 2292 112
764 2258 771 2292 ε
785 2268 795 2288 ι
811 2241 862 2292 Pro
872 2241 980 2311 Jupiter!
990 2253 1015 2292 tu
1027 2243 1096 2293 homo
1107 2241 1163 2295 adi-

95 2320 145 2370 rcli
164 2319 232 2370 illam
250 2337 329 2370 assero
345 2339 418 2370 causa
433 2339 511 2371 mansi.
530 2317 606 2374 Ordo
649 2319 689 2390 gis
699 2338 743 2372 me
757 2319 790 2372 ad
805 2322 940 2372 insaniam.
959 2345 970 2366 ι
993 2321 1061 2374 Don.

95 2411 133 2451 est
148 2417 156 2452 :
170 2399 229 2469 Ego
244 2399 317 2450 illam
327 2416 411 2450 assero
423 2417 519 2463 manu,
530 2417 607 2452 causa
693 2403 757 2467 198.
771 2401 823 2468 Qui
831 2419 881 2470 pro
895 2419 958 2471 qu0;
970 2419 1032 2452 nam
1045 2405 1087 2472 qui
1097 2419 1157 2470 pro·

93 2477 215 2542 liberali,
227 2476 257 2530 id
269 2490 309 2530 est
321 2477 349 2528 in
358 2476 459 2546 judicio
468 2479 496 2530 in
509 2477 606 2548 quode
647 2497 720 2530 nom.
737 2491 784 2531 est.
796 2480 936 2530 -Minime
948 2483 1027 2541 miror,
1043 2481 1104 2532 sub.
1118 2499 1157 2531 eos

95 2557 219 2610 libertate
227 2556 324 2627 agitur,
335 2557 393 2626 lege
402 2570 428 2610 et
436 2558 606 2628 actioneque
650 2561 708 2629 qui,
725 2569 783 2610 etc.
808 2559 842 2610 Et
865 2559 975 2628 supple,
1000 2577 1083 2629 quum
1110 2577 1158 2628 ego

95 2650 133 2688 est
142 2635 481 2689 delibertate.Porromanu
495 2656 606 2701 asserere,
649 2655 733 2707 prope
751 2637 880 2688 insaniam
902 2655 938 2689 ex
958 2638 1056 2706 injuria
1079 2655 1158 2706 quam

95 2729 136 2768 est
151 2715 249 2786 injecta
269 2715 346 2767 alicui
364 2735 462 2779 manu,
491 2735 553 2768 eum
574 2715 626 2766 li·-
650 2715 748 2784 accepi.
761 2713 917 2775 Menander,
931 2715 1158 2784 quemcitatFar·

95 2795 193 2847 berum
217 2795 389 2865 pronuntiare
411 2807 437 2847 et
465 2793 606 2846 affirmare.
649 2793 743 2845 nabius
756 2811 762 2846 :
775 2794 866 2862 Οἶμαι,
879 2797 907 2846 τὸ
923 2793 970 2865 γὰρ
985 2793 1052 2864 ἄφνω
1066 2788 1158 2846 duoru-

95 2873 224 2928 Solebant
234 2874 306 2926 enim
317 2871 607 2945 manuapprehendere
649 2875 699 2942 χεῖν
717 2874 806 2942 μανίαν
823 2886 895 2928 ποιεῖ.

93 2953 166 3024 apud
184 2951 289 3025 judices
311 2972 390 3024 quem
413 2955 529 3006 liberum
553 2970 607 3004 esse
702 2970 766 3020 199.
792 2953 872 3004 Domo
900 2973 936 3004 mc
967 2957 1061 3022 eripuit.
1087 2953 1157 3017 Quia

94 3031 232 3098 dicerent,
246 3045 274 3084 et
288 3035 412 3104 petebant
424 3031 553 3085 vindicias
565 3049 606 3084 se·
649 3049 763 3102 nempe,
778 3044 867 3103 erepta
882 3033 949 3084 mihi
971 3033 1078 3102 puella,
1100 3050 1156 3084 eam
1205 3091 1208 3096 .

95 3112 216 3166 cundum
235 3111 400 3178 libertatem,
426 3111 453 3165 id
469 3125 523 3178 est,
536 3111 607 3162 utin
649 3111 703 3162 huc
719 3111 793 3181 sequi
812 3116 916 3164 coactus
932 3129 998 3163 sum.
1012 3139 1052 3154 -
1065 3111 1155 3165 Meam.

95 3193 257 3261 possessione
275 3192 401 3244 libertatis
416 3203 548 3252 maneret,
566 3190 607 3241 in·
650 3190 752 3242 Decora
761 3190 860 3242 locutio
871 3203 910 3241 est
920 3207 970 3258 per
981 3191 1088 3258 metius.
1098 3191 1157 3241 Non

95 3283 165 3322 terea
186 3269 254 3324 dum
274 3269 308 3322 de
329 3287 405 3325 causa
426 3281 607 3342 cognosceret.
650 3269 722 3322 enim
731 3268 832 3322 addidit
841 3269 945 3339 puellum
957 3279 1004 3320 aut
1015 3266 1082 3338 quid
1096 3269 1156 3320 tale.

95 3350 136 3401 De
146 3351 195 3402 hac
205 3368 237 3403 re
249 3348 304 3402 vid.
316 3349 377 3404 Lir.
385 3351 443 3414 111,
461 3357 496 3414 44
510 3369 567 3421 sqq.
650 3347 744 3400 Donat.

138 3434 202 3498 196.
235 3431 382 3500 Argentum,
395 3431 487 3500 viginti
508 3429 608 3493 minas,
700 3447 763 3482 noo.
777 3430 867 3480 'Hunc
887 3445 992 3480 versurn
1013 3426 1060 3498 qui
1076 3425 1157 3495 vulgo

95 3509 191 3579 quihus
203 3509 255 3562 tibi
264 3509 355 3580 puella
366 3509 609 3563 constitit-Cau·
650 3509 785 3579 sequitur,
813 3506 913 3560 anteire
937 3505 1012 3576 jussit
1031 3506 1159 3557 Muretus.

88 3607 145 3640 *sam
158 3589 279 3640 meditari.
290 3587 334 3640 Ad
348 3607 452 3642 causam
468 3587 608 3640 dicendam
651 3620 691 3631 -
710 3587 810 3638 Homini
828 3590 927 3650 misero,
945 3587 964 3636 i.
983 3603 1006 3636 e.
1031 3583 1107 3636 milri.
1120 3601 1160 3625 -‘

94 3679 123 3719 te
140 3687 303 3740 preparare.
323 3670 392 3721 Item
419 3663 504 3721 Bruto
523 3667 607 3720 Cicer.
651 3667 713 3718 Plus
728 3669 811 3738 quing.
830 3666 876 3717 col.
900 3664 1012 3736 supple,
1028 3682 1106 3734 quam.
1122 3693 1160 3704 -

8 3777 9 3788 κ
96 3765 195 3800 causam
203 3747 325 3802 meditari.
654 3745 758 3816 Colaplt.
766 3747 872 3814 infregit.
888 3743 997 3796 Indixit.
1010 3742 1078 3795 Plin.
1089 3759 1144 3794 rur
1152 3778 1166 3805 ,-

8 3889 9 3894 ,
138 3824 150 3848 '¹
165 3828 261 3892 Quum
277 3823 615 3890 Eeclrinusabieritdnde-
655 3825 711 3890 36,
730 3823 764 3878 de
784 3825 876 3877 ursis:
902 3851 912 3871 ι
936 3822 1010 3892 Saepe
1034 3822 1063 3872 in
1083 3839 1161 3872 arena

8 3895 10 3990 ὲ
94 3923 111 3958 a
124 3908 211 3960 verbis
219 3908 288 3959 Prolt
295 3925 402 3978 supreme
409 3905 503 3977 Jupiter
512 3923 609 3964 novam
654 3905 754 3976 colapho
764 3906 867 3972 infracto
872 3903 1079 3957 exanimantur.»
1092 3900 1159 3952 Peri.

8 3991 10 4032 l
94 3986 462 4040 scenamcumDacieriaesse
475 3984 611 4038 instituen-
696 4001 761 4037 ποι.
782 3984 822 4036 Ob
840 3983 968 4049 malefacta
990 3981 1047 4034 lucc.
1068 3981 1160 4045 Quom

94 4063 158 4132 dam
168 4066 248 4122 nobis
261 4067 349 4120 visum
361 4079 409 4119 est.
420 4095 458 4108 -
470 4066 538 4118 Prole
546 4083 611 4136 supr.
656 4082 697 4118 me
710 4077 764 4118 tam
780 4063 849 4116 male
861 4060 1017 4117 tractaverit.
1025 4091 1064 4103 -
1074 4059 1161 4111 Teuti-

961 4154 1099 4236 3³.
