2776 4782
265 349 339 432 aod
482 347 668 421 PUBLIl
697 347 956 416 TERENTII
983 347 1106 416 AFRI

263 483 355 548 Pam.
381 478 490 546 Etiam
512 479 539 547 si
561 475 688 548 dudum
706 477 814 548 iuerat
832 477 1024 572 ambiguum
1041 478 1108 548 hoc
1124 479 1222 568 mihi,

262 585 362 654 Nunc
383 609 452 654 non
472 599 538 670 est,
560 571 663 678 quum
683 609 755 653 eam
773 585 920 678 sequitur
941 582 1065 653 alienus
1081 610 1174 679 puer.

264 694 327 760 La.
350 689 448 760 Nulla
465 690 545 778 tibi,
565 689 757 785 Pamphile,
776 691 831 760 hic
847 691 915 784 jam
936 690 1134 760 consultatio
1151 695 1200 762 ’st
1287 717 1317 756 ts.

263 795 356 867 Pan.
381 797 475 868 Perii.
500 799 562 865 Le.
583 797 683 865 Hunc
703 797 816 866 videre
837 822 923 892 saepe
938 797 1135 892 optabamus
1153 798 1254 888 diem,

265 904 380 992 Quum
399 929 439 971 ex
454 917 488 972 to
506 917 593 972 esset
609 901 744 998 aliquis,
759 904 815 998 qui
831 917 864 974 te
883 902 1063 998 appellaret
1083 919 1223 999 patrem.

264 1011 406 1081 Evenit:
421 1009 529 1078 habeo
548 1011 688 1104 gratiam
701 1009 772 1080 Dis.
790 1013 883 1080 Pau.
906 1008 1026 1096 Nullus
1038 1036 1121 1080 sum.

170 1179 173 1188 .
264 1117 328 1184 Le.
351 1115 468 1184 Reduc
485 1140 643 1203 uxorem,
665 1140 703 1185 ac
725 1115 793 1185 noli
811 1115 981 1185 advorsari
998 1118 1089 1186 mihi.

263 1221 357 1292 Pau.
382 1219 497 1310 Pater,
519 1225 546 1292 si
561 1248 602 1291 ex
621 1247 675 1292 me
689 1221 744 1290 illa
762 1221 883 1292 liberos
901 1221 1000 1291 vellet
1019 1223 1096 1310 sihi,
1287 1248 1318 1289 us

265 1331 334 1396 Aut
354 1353 389 1398 se
409 1353 479 1398 esse
500 1354 631 1398 mecum
653 1343 810 1423 nuptam3
833 1330 910 1398 satis
931 1343 1022 1398 certo
1045 1330 1134 1416 scio,

265 1435 344 1502 Non
362 1431 447 1504 clam
467 1461 520 1504 me
540 1436 694 1520 haberet,
714 1435 806 1531 quod
825 1434 947 1506 celasse
962 1434 1120 1529 intelligo.

264 1538 381 1628 Nunc,
403 1567 506 1636 quum
520 1543 590 1636 ejus
606 1541 750 1611 alienum
764 1567 783 1610 a
801 1567 855 1611 me
871 1567 941 1612 esse
955 1543 1102 1610 animum
1117 1542 1270 1625 sentiam,

264 1647 336 1716 Nec
354 1663 597 1718 conventurum
613 1650 698 1718 inter
717 1673 778 1717 nos
800 1649 940 1743 posthac
958 1648 1123 1717 arbitror:

265 1752 493 1839 Quamobrem
512 1751 696 1824 reducam?
713 1758 777 1826 Li.
800 1755 910 1823 Mater
930 1754 1020 1848 quod
1039 1755 1141 1823 suasit
1162 1777 1238 1840 sua,
1291 1773 1322 1813 ⁶⁶0

267 1859 467 1930 Adolescens
485 1860 603 1930 mulier
619 1861 698 1931 iecit
712 1887 719 1928 :
735 1859 966 1930 mirandumne
984 1860 1017 1928 id
1035 1874 1084 1928 est
1100 1859 1115 1928 i

267 2016 319 2075 lud,
334 2025 384 2066 etc.
402 2013 463 2066 Tibi
487 2015 585 2068 factum
605 2016 671 2070 illud
689 2017 778 2070 minus
822 2019 872 2070 Do.
884 2036 948 2084 quoe.
959 2015 1013 2068 alii
1022 2013 1131 2067 demum
1145 2013 1234 2084 legunt
1247 2027 1322 2078 quem,

269 2112 324 2146 non
338 2093 425 2164 placet
437 2113 517 2164 quam
531 2095 615 2160 mihi,
632 2116 707 2167 reque
725 2115 780 2150 am·
824 2095 925 2150 sedicet
931 2106 1046 2166 partum.
1056 2125 1091 2134 -
1101 2097 1157 2144 Non
1168 2097 1235 2145 clam
1244 2109 1276 2141 me
1288 2093 1323 2139 la·

258 2173 352 2226 bobus
363 2173 496 2244 displicet.
506 2175 540 2226 Et
555 2178 635 2226 minus
643 2179 728 2243 placet
742 2177 779 2228 fa·
824 2179 904 2240 beret,
918 2187 968 2227 etc.
983 2175 1042 2226 Non
1055 2172 1120 2223 mihi
1138 2171 1260 2236 tacuisset
1274 2185 1322 2238 par·

270 2253 319 2306 cile
328 2252 412 2323 accipi
420 2265 506 2324 potest
513 2272 562 2324 pro
570 2258 651 2322 magis
660 2257 779 2324 displicer.
825 2267 882 2308 tum
893 2272 972 2326 quem
982 2255 1068 2306 sentio
1076 2270 1118 2304 me
1131 2251 1295 2323 ignoravisse.

305 2334 366 2396 648,
376 2339 439 2398 Hoc,
450 2333 606 2386 reducerem
618 2353 703 2388 necne
713 2353 780 2388 uxo·
861 2334 923 2401 659.
938 2335 1057 2386 Arbitror.
1068 2334 1114 2384 Be.
1130 2350 1193 2384 curn
1208 2330 1323 2382 Muarbi·

267 2430 333 2465 rem.
824 2426 884 2475 trer,
894 2411 974 2484 idque
982 2412 1018 2464 ob
1028 2414 1139 2472 scuriam,
1152 2423 1179 2462 et
1190 2430 1238 2461 nec
1245 2407 1323 2479 partic.

305 2496 366 2563 649.
392 2498 472 2560 Quum
490 2512 546 2544 eam
558 2495 675 2560 sequitur.
698 2491 780 2546 Meta·
824 2491 1001 2561 copulativam
1009 2491 1181 2560 subsequent.
1199 2491 1284 2541 Recte.
1296 2488 1322 2536 At

269 2571 357 2644 phora
379 2590 395 2624 a
417 2573 578 2644 pecoribus,
597 2591 656 2643 quae
673 2583 704 2624 ut
718 2589 780 2623 mox
823 2569 868 2622 hic
878 2589 985 2642 quoque
994 2569 1107 2622 maxime
1115 2570 1160 2646 Be.
1168 2580 1198 2620 ut
1206 2567 1260 2620 iere
1269 2567 1322 2620 solet

229 2675 237 2690 ν
267 2663 331 2704 nata
355 2651 472 2718 fuerint,
503 2663 599 2704 matres
624 2661 780 2723 sequuntur.
824 2650 932 2721 ubique,
940 2649 1095 2702 Terentium
1109 2645 1323 2716 exnormamagis

269 2737 332 2782 Dan.
345 2761 380 2770 -
391 2731 437 2784 Est
449 2731 500 2784 hoc
519 2731 629 2784 seorsim
647 2729 750 2784 dictum
764 2748 780 2782 a
796 2772 798 2776 ,
825 2728 937 2781 oratoris
952 2746 1033 2799 quam
1046 2745 1094 2798 pro
1107 2725 1259 2799 quotidiani
1275 2742 1321 2777 ser·

269 2809 430 2882 Pamphilo:
446 2830 548 2882 «quum
563 2811 727 2863 Philumenae
749 2809 780 2862 sit
824 2807 910 2860 monis
929 2805 1038 2858 licentia
1054 2818 1205 2858 mutaturus
1219 2804 1281 2858 mihi
1293 2802 1323 2856 ri·

270 2899 348 2940 natus
366 2909 398 2942 ex
409 2889 460 2942 alio
476 2889 561 2955 iilius,
578 2901 617 2943 est
630 2889 781 2941 curabhor·
826 2886 925 2950 detur3
941 2896 1019 2958 atque
1041 2886 1069 2938 in
1087 2904 1119 2938 eo
1136 2905 1244 2939 mecum
1259 2884 1324 2936 etiam

269 2985 342 3018 ream
355 2969 438 3038 magis
451 2967 484 3020 ab
502 2985 534 3019 ea
550 2967 734 3020 reducenda.»
826 2967 892 3021 We.
908 2965 1038 3018 consentit
1055 2965 1090 3018 ad
1106 2984 1146 3018 vs.
1166 2967 1219 3030 646
1239 2965 1326 3024 dicens,

305 3045 365 3099 65ο.
377 3046 612 3112 consultationem
621 3045 780 3118 objicienda.
826 3065 901 3098 more
914 3044 1016 3098 comico
1025 3043 1204 3097 indicativum
1218 3057 1327 3112 usurpare

308 3127 369 3180 651.
382 3131 458 3194 Saepe.
469 3127 532 3179 Mss.
544 3125 618 3197 quid.
636 3145 782 3193 semper.-
826 3125 953 3178 Nostrum
979 3144 1037 3203 pro¹
1051 3124 1241 3196 subjunctivo,
1268 3115 1327 3192 quod

162 3269 175 3280 ,
272 3209 341 3258 Perii.
353 3206 412 3259 Hoc
424 3225 513 3260 secum
524 3205 687 3276 Pamphilus.
779 3263 782 3270 .
826 3204 900 3257 idem
922 3204 1018 3257 Plauto
1043 3205 1077 3256 sit
1100 3203 1241 3256 familiare.
1259 3201 1328 3271 snpra

308 3287 369 3340 652.
380 3287 526 3354 Aliquis'C.
534 3284 567 3338 G.
576 3303 679 3356 maup.
691 3284 781 3355 script.
826 3302 889 3337 vero
900 3302 940 3336 vs.
958 3287 1009 3346 646
1029 3283 1092 3337 item
1108 3294 1167 3335 erat
1180 3279 1284 3335 dicend.
1297 3278 1328 3328 vi·

271 3381 353 3418 reatus.
827 3367 916 3416 deutur
923 3382 970 3434 pro
981 3365 1089 3416 videtur.
1100 3393 1135 3404 -
1148 3369 1327 3420 Convenarum,

309 3445 369 3510 654.
391 3449 474 3496 Reduc
497 3463 607 3497 uxorem.
632 3444 690 3497 Hoc
710 3442 784 3496 idem
827 3443 1036 3514 impersonaliter
1046 3441 1156 3494 dictum.

274 3536 407 3587 suaserat,
426 3525 509 3577 immo
526 3527 648 3595 jusserat
682 3535 782 3586 mater,
863 3525 923 3576 660.
941 3526 1104 3590 Quamobrem
1115 3527 1168 3574 red.
1178 3521 1292 3574 Firmior
1301 3516 1330 3567 ia·

276 3622 349 3674 supr.
362 3621 400 3656 vs.
419 3601 478 3655 605.
582 3618 614 3645 'x
828 3613 871 3655 cta
886 3612 925 3654 est
944 3601 1079 3654 conclusio
1093 3619 1141 3672 per
1162 3595 1331 3670 iuterrogatio·

311 3684 371 3737 655.
390 3689 473 3746 Pater,
486 3685 509 3733 si
522 3703 555 3733 ex
567 3703 606 3734 me
617 3686 670 3736 illa.
685 3683 784 3736 Nactus
828 3699 897 3734 nem.
912 3711 946 3720 —
959 3685 1017 3741 Sua,
1032 3699 1084 3750 pro
1097 3679 1189 3752 ipsius,
1204 3677 1277 3751 quod
1289 3691 1331 3726 mc·

276 3775 315 3816 est
327 3763 480 3836 Pamphilus
489 3779 521 3814 ex
532 3763 619 3816 verbis
627 3761 695 3816 senis
705 3763 784 3816 aliam
829 3761 879 3818 lius
897 3758 931 3812 ad
946 3760 1019 3832 leges
1031 3759 1209 3832 grammaticas
1232 3771 1331 3830 repont-

277 3860 382 3894 causam
395 3841 506 3897 dissidii.
519 3847 600 3894 -Esr
616 3861 666 3896 me.
687 3841 786 3895 scilicet
831 3851 913 3894 retur.

275 3927 369 3972 natos(
867 3921 927 3974 661.
938 3921 1012 3986 Fecit,
1022 3919 1040 3971 i.
1052 3939 1075 3982 e.
1084 3929 1194 3991 partum
1204 3916 1332 3970 celavitr

314 3999 376 4069 657.
392 4005 473 4067 Quod.
489 4001 533 4054 Sic
542 4001 592 4072 leg.
601 3999 692 4052 Bemb.
703 4012 784 4053 recte.
831 4000 917 4072 Supra
927 4025 940 4045 α
949 3998 1005 4052 Etsi
1015 3998 1074 4063 tibi,
1087 3999 1246 4053 Philumena
1253 4039 1261 4066 ,
1269 3991 1332 4065 (ado-
