2834 4788
388 309 600 376 ananan.
629 308 734 375 scr.
765 310 799 392 1,
828 309 892 376 sc.
922 309 950 372 1.

126 441 197 506 Cur
216 431 326 530 perdis
345 435 586 506 adolescentem
608 435 723 506 nobis?
740 439 811 505 Cur
833 437 952 507 amat?
1076 519 1083 532 .

125 547 196 613 Cur
218 541 336 636 potat?
357 545 427 612 Cur
448 559 484 612 tu
499 543 550 612 his
565 544 663 612 rebus
678 558 846 638 sumptum
864 544 1033 640 suggeris?

125 649 257 717 Vestitu
273 649 374 717 nimio
396 649 563 744 indulges3
579 652 715 718 nimium
734 651 865 744 ineptus
886 675 959 720 es.»

126 756 274 823 Nimium
293 757 363 850 ipse
385 770 434 823 est
451 755 553 824 durus
570 769 690 849 praeter
711 781 908 850 aequumque
925 773 959 826 et
978 759 1125 828 bonum:

125 863 169 930 Et
187 876 276 930 errat
297 861 412 955 longe,
434 886 508 929 mea
525 861 657 954 quidem
677 864 853 949 sententia,
1166 895 1191 934 ss

124 1085 217 1137 Plures
237 1086 329 1156 legunt
346 1087 482 1138 clamitans.
501 1115 542 1128 --
561 1087 635 1138 Venit
679 1107 732 1158 que
741 1085 823 1154 dure,
834 1101 865 1141 ut
881 1089 917 1141 ait
929 1091 1024 1143 Donat.
1039 1104 1066 1144 et
1076 1097 1187 1160 nimium,

123 1165 159 1215 ad
174 1185 212 1216 ma
229 1185 308 1234 saepe,
323 1167 438 1218 clamans.
452 1167 487 1216 Et
501 1166 634 1238 importn-
679 1179 706 1218 et
722 1171 813 1236 ineptus
828 1189 860 1219 es.

123 1245 235 1296 nitatem
253 1243 371 1297 odiosam
393 1244 522 1308 ostendit,
543 1246 578 1296 ad
600 1265 635 1296 me
719 1249 766 1309 64.
783 1247 939 1320 AEqnumque
954 1260 979 1299 rt
999 1249 1093 1304 honum.
1109 1251 1189 1306 Bodl.

124 1321 254 1387 dicend03
269 1337 297 1376 et
309 1323 474 1377 inconditam
491 1323 634 1378 assiduita·
678 1338 705 1376 et
722 1325 775 1379 Ed.
790 1326 871 1396 prim.
885 1345 949 1379 cum
966 1327 1016 1380 Ed.
1030 1331 1080 1384 An.
1095 1351 1188 1403 requam

122 1415 193 1468 tem,
207 1401 333 1456 addendo
352 1423 424 1473 soepe.
440 1405 542 1458 Locum
562 1405 634 1460 hunc
677 1417 701 1454 at
723 1405 818 1458 bonum.
834 1407 993 1460 -Ns'mium
1017 1411 1065 1476 ipse
1089 1423 1125 1462 ast
1143 1413 1190 1466 dn·

122 1481 213 1536 laudat
231 1483 317 1536 Cicer,
334 1482 369 1536 de
382 1485 486 1536 Invent.
502 1485 541 1534 I:
564 1485 634 1539 «Illa
677 1503 733 1547 rus,
758 1498 808 1538 etc.
820 1485 919 1539 vivide
949 1499 976 1538 et
1006 1485 1041 1540 ad
1068 1503 1190 1546 naturam

121 1575 209 1614 antem
234 1563 369 1626 narratio,
387 1581 446 1634 quae
465 1577 585 1628 versatur
605 1567 634 1618 in
675 1563 772 1634 repetit
801 1565 894 1617 Micio.
923 1565 1025 1620 Gallice
1045 1581 1188 1624 verteres:

120 1641 259 1710 personis,
273 1641 411 1712 ejusmodi
429 1654 481 1706 est,
505 1656 534 1695 ut
554 1645 582 1698 in
604 1664 632 1697 ea
680 1667 691 1688 ι
706 1677 712 1688 -
726 1675 753 1690 ··
770 1642 941 1696 Etvousetes
952 1657 1013 1716 trop
1023 1645 1109 1700 facile.
1120 1649 1190 1702 C'est

120 1721 200 1776 simul
214 1740 277 1774 cum
291 1722 371 1774 rebus
384 1723 447 1792 ipsis
458 1741 631 1793 personarum
675 1721 711 1772 lui
722 1727 763 1794 qui
775 1735 812 1774 est
821 1737 874 1793 trop
884 1725 947 1782 dur,
961 1736 1010 1776 etc.
1024 1749 1035 1769 ·
1044 1756 1083 1767 --
1093 1727 1189 1782 Praeter

119 1819 266 1864 sermones,
275 1813 302 1853 et
310 1801 392 1852 animi
400 1801 513 1872 perspici
523 1804 632 1871 possint,
674 1821 812 1874 (equumque
827 1814 852 1854 et
865 1803 959 1854 bonum.
975 1803 1188 1873 supramodum

120 1879 171 1931 hoc
186 1879 270 1932 modo
285 1897 297 1932 :.
318 1905 329 1926 ι
344 1880 417 1932 Venit
434 1881 470 1932 acl
487 1900 536 1944 me,
556 1897 627 1936 etc..
671 1879 925 1952 jurisetaequitatis.
939 1883 999 1952 Agit
1013 1881 1112 1937 dehoc
1127 1887 1186 1942 loco

119 1977 180 2010 cum
194 1972 311 2030 quatuor
324 1978 363 2028 sq.
375 1961 502 2012 versibus.
675 1959 730 2011 Cic.
745 1959 778 2012 de
788 1961 890 2014 Senect.
905 1979 963 2032 cap.
978 1965 1022 2016 18.
1034 1964 1123 2018 Perlet.

161 2041 207 2091 61.
222 2039 277 2091 Cur
290 2040 372 2109 pardis
385 2040 527 2092 adolescent.
551 2041 629 2093 nobis.
714 2041 760 2092 65.
776 2040 867 2093 Guelf.
887 2041 969 2106 1,Et
989 2055 1057 2093 errat
1070 2045 1136 2116 quid.
1152 2068 1183 2100 m.

120 2119 199 2172 Recte
211 2119 279 2170 nobis
292 2117 413 2171 additum
426 2133 477 2182 est,
492 2131 518 2171 et
528 2121 630 2185 ἠθικῶς,
673 2119 742 2190 lorge
757 2125 881 2173 sententia.
897 2151 938 2162 -
955 2121 1044 2190 Longe.
1065 2125 1184 2180 Donatus

121 2199 241 2274 utiufra,
250 2197 364 2268 Adelph.
376 2197 431 2268 47'7
442 2217 449 2248 ε
459 2199 642 2269 «Nobispsal-'
672 2211 747 2268 putat
762 2201 856 2252 melius
872 2217 927 2252 esse
941 2199 1011 2270 longe
1026 2201 1184 2274 simpliciter

120 2277 205 2342 triam,
218 2279 239 2330 si
250 2280 298 2330 Dls
310 2279 411 2348 placet,
421 2277 548 2330 Paravit.»
559 2279 627 2330 Don.
671 2279 768 2349 accipi,
780 2279 899 2332 ntlocale
907 2279 954 2336 sit,
966 2299 1045 2352 quam
1054 2282 1183 2336 valde.—

158 2362 205 2410 61.
224 2357 501 2427 Sumptum.Mss.We.
512 2371 626 2428 sumptus.
671 2357 942 2422 AdnotatBoecl'erus:
955 2357 1119 2413 «Duodecim
1127 2364 1183 2417 istis

119 2435 196 2489 Both.
208 2449 326 2508 sirmptum
340 2437 414 2488 rebus.
423 2467 462 2478 —
478 2437 530 2488 Cui·
542 2447 630 2489 amat?
671 2438 789 2490 versibus
799 2437 936 2508 magnifica
945 2439 1014 2508 ῥῆσις
1025 2443 1180 2496 continetur

121 2515 273 2586 Carpotat?
288 2517 340 2570 Cur
353 2528 378 2568 tu
392 2517 428 2566 tis
438 2517 489 2568 rab·
505 2516 628 2569 etc.Vide
670 2513 704 2566 de
725 2513 837 2588 imperio
858 2517 960 2586 putria,
976 2535 1021 2570 sen
1042 2519 1182 2592 disciplina

116 2595 343 2664 quemadmodum
360 2590 409 2658 (ut
426 2595 525 2648 durum
536 2597 628 2666 objur·
670 2597 763 2664 patria.
773 2597 985 2666 Quo‚tanquam
1002 2599 1120 2667 specioso
1134 2618 1180 2653 co-

116 2687 235 2742 gatorem
246 2673 368 2728 ostendat
380 2671 534 2738 Demeam),
546 2676 580 2726 ab
595 2694 626 2728 eo
669 2674 739 2738 lore,
757 2676 840 2726 Micio
856 2694 930 2726 suam
945 2673 1139 2746 indulgentiam
1154 2693 1180 2732 et

116 2753 240 2808 dicautur
252 2755 280 2806 in
293 2755 393 2807 crimen
404 2754 503 2818 vocari,
512 2773 571 2823 quae
582 2766 627 2806 aut
669 2752 803 2806 lenitatem
813 2751 943 2806 obducit:
955 2772 1050 2824 magno
1062 2755 1142 2808 aetatis
1153 2771 1179 2811 et

65 2876 67 2878 .
116 2835 197 2887 aetatis
215 2847 354 2898 sunt:ut,
368 2827 565 2884 curcmati’aut
579 2851 626 2884 ua·
669 2832 803 2902 sapientiae
844 2845 974 2904 praetextu
1005 2842 1177 2906 γνωμολογῶν.

115 2929 197 2978 turae,
216 2927 264 2978 ut,
281 2934 325 2966 cnr
336 2907 433 2982 potat?
452 2911 624 2982 autpietatis‚
669 2911 773 2976 Quanta
799 2913 988 2966 asseveratione
1013 2915 1149 2977 ἀνασκιυῆς
1170 2933 1181 2970 ε

115 3006 161 3058 ut,
176 3014 220 3046 cur
232 3007 257 3046 tu
272 2999 296 3046 in
311 2994 348 3044 tis
360 2992 427 3044 rebus
440 3004 555 3061 sumptum
570 3011 626 3061 sag·
670 2990 723 3042 «Et
735 3006 804 3045 errat
816 2993 908 3062 longe,
922 3011 979 3044 mea
994 2993 1102 3064 quidem
1118 3014 1178 3047 sen·

110 3077 199 3142 geris?
211 3086 263 3126 etc.
270 3075 367 3125 Donat.
668 3071 765 3135 tentia,
775 3073 836 3144 qui,
846 3070 895 3124 etc.
902 3098 913 3116 ι»
927 3073 951 3123 N
953 3091 982 3124 ec
992 3073 1080 3126 minor
1088 3086 1177 3128 aucto-

155 3155 203 3206 63.
224 3153 327 3204 Vestitu.
344 3151 452 3206 Boecler.
469 3169 500 3202 ex
515 3168 572 3202 uno
592 3150 623 3202 C.
668 3150 731 3201 ritas
742 3155 912 3210 κατασκιυῆςε
925 3152 1177 3218 «Measicestratio,

113 3237 221 3286 vestitui.
232 3260 271 3274 ν-
282 3231 365 3286 Nimio
375 3231 468 3300 indulg.
478 3231 550 3282 Mur.
560 3247 623 3282 cum
667 3241 693 3280 et
706 3229 743 3282 sic
755 3231 872 3283 animum
883 3229 983 3282 induco
993 3249 1097 3297 menta,
1106 3245 1172 3286 etc.»

115 3313 210 3384 Guyet.
218 3315 317 3364 nimium
326 3309 522 3375 defendunt,et
530 3307 624 3361 admit·
666 3309 738 3362 Tum
763 3311 845 3362 illatio
868 3311 891 3362 ἰν
913 3311 964 3366 ἤθει
984 3315 1026 3362 τοῦ
1049 3306 1176 3381 deppam-

113 3405 175 3444 tunt
186 3392 265 3445 Both.
279 3391 376 3461 Delph.
390 3421 428 3430 -
441 3385 538 3440 Vestitu
551 3389 623 3440 nimio
666 3395 800 3448 ποιοῦντος.
811 3413 821 3433 α
831 3389 888 3440 Hoc
899 3389 1012 3459 patrium
1021 3401 1073 3455 est,
1086 3391 1176 3461 potius

112 3473 231 3541 indulges.
248 3471 432 3532 5Vestimenta
444 3467 622 3540 splendidiora
664 3470 850 3520 consuefacere
861 3466 963 3530 lilium,
979 3480 1027 3521 etc.
1043 3495 1053 3518 ι
1066 3469 1101 3522 Et
1112 3489 1177 3522 con-

112 3565 140 3604 et
160 3553 222 3623 plus
245 3569 322 3622 aequo
347 3549 461 3618 pretiosa
485 3548 617 3618 largiris·
667 3547 1177 3620 clusiofidentiusarrogantiusque,nec

111 3631 165 3683 Pro
181 3635 282 3682 vestitui
290 3633 371 3680 nimio.
381 3629 418 3680 Ut
432 3628 507 3696 Virg.
521 3631 581 3678 AEn.
595 3629 623 3690 1,
668 3627 724 3678 sine
733 3627 894 3680 contumelia
903 3627 930 3678 in
943 3628 1059 3687 fratrem,
1069 3641 1099 3679 ut
1109 3646 1178 3700 pon·

114 3711 169 3780 ²57
182 3729 189 3762 :
201 3737 212 3756 ι
224 3711 305 3762 Parce
324 3720 386 3760 metu
406 3707 574 3779 Cytherea3·
596 3718 624 3758 et
669 3703 720 3758 dus
740 3718 766 3758 et
783 3726 886 3759 summa
899 3705 1046 3770 dictorum,
1064 3707 1178 3778 epipho-

111 3789 210 3860 Georg.
233 3791 289 3846 tv,
313 3790 390 3842 108:
411 3783 516 3850 «Quod
537 3804 624 3856 neque
668 3786 780 3839 cernatis
800 3786 852 3838 ritu
875 3787 990 3858 subjecta
1002 3804 1017 3862 εΙ
1031 3811 1042 3834 ι
1055 3786 1114 3840 Hoc
1130 3786 1176 3856 qui

109 3871 238 3920 concubitu
259 3867 430 3938 indulgent.»
453 3896 492 3907 -
509 3865 623 3935 Ineptias,
668 3866 776 3936 nequit,
795 3865 908 3919 fateatur
928 3864 1030 3918 nescire
1048 3865 1180 3936 imperare

111 3945 503 4018 imprudens,inconsideratus.
515 3939 640 4035 Utrum-¹
669 3945 783 4000 liberis.»
796 3945 942 3998 Sententiae
953 3955 1041 4002 autem
1048 3945 1181 4016 probabili

168 4063 217 4126 II.
975 4073 998 4120 ἀ
