2864 4776
295 335 548 406 PHORMIO.
577 334 683 400 ACT.
711 334 779 414 IV,
803 333 869 401 SC.
897 333 963 401 IV.
1084 334 1154 433 307

97 479 215 565 Quum
229 481 402 566 argentum
420 479 585 562 repetent,
603 479 716 534 nostra
737 488 837 534 causa
853 463 976 533 seilicet

95 587 141 652 In
161 602 301 648 nervum
319 577 428 670 potius
449 573 518 642 ibit.
544 573 586 640 G.
608 569 700 638 Nihil
717 584 783 652 est,
810 569 974 664 Antipho,
1121 594 1159 644 ⁶9⁵

96 687 191 776 Quin
212 681 297 752 male
317 679 482 749 narrando
499 679 603 772 possit
623 675 844 770 depravarier.

97 797 151 860 Tu
170 791 222 877 id,
244 787 331 882 quod
350 787 430 854 boui
448 799 514 870 est,
533 783 701 875 excerpis;
719 781 798 850 diois
816 781 906 874 quod
926 781 1003 850 mali
1020 798 1077 852 est.

96 897 188 966 Audi
208 917 298 963 nune
315 906 431 962 contra
442 891 533 983 jem:
558 891 584 957 si
603 901 778 981 argentum
794 889 973 980 acceperit,

97 1001 263 1073 Ducenda
278 1013 328 1068 est
343 1023 446 1082 uxor,
469 1010 507 1064 ut
524 995 570 1066 eis
588 1019 596 1061 ε
617 993 764 1062 concedo
782 991 854 1060 tibi.

99 1110 252 1204 Spatium
273 1103 405 1199 quidem
424 1101 557 1172 tandem
575 1098 771 1192 apparandis
792 1097 935 1192 nuptiis,

99 1212 273 1294 Voconii,
296 1207 502 1279 sacrificandi
522 1205 654 1274 dabitur
674 1203 856 1298 paululum.

97 1325 233 1388 Interea
251 1317 364 1400 amici,
386 1313 477 1408 quod
498 1309 633 1407 polliciti
654 1324 747 1398 sunt,
770 1309 907 1378 dabunt.

100 1427 140 1494 Id
163 1424 217 1494 ille.
238 1423 307 1492 istis
326 1419 450 1490 reddet.
477 1422 515 1488 A.
542 1413 790 1506 Quamobrem?
811 1429 869 1484 aut
886 1415 965 1510 quid
983 1415 1092 1485 dicet?
1116 1420 1160 1486 G.

264 1525 399 1622 Rogas?
581 1598 588 1606 ,

105 1639 233 1728 «Quot
249 1659 321 1717 res,
338 1645 414 1726 post
434 1629 504 1718 illa,
525 1643 672 1698 monstra
691 1641 873 1696 evenerunt
892 1622 990 1694 mihi!

100 1853 218 1925 Antipho
226 1871 284 1905 -uon
297 1869 354 1904 esre
364 1849 441 1901 illum
454 1845 617 1900 ducturum?
658 1845 756 1898 Sensus
781 1856 821 1896 est
839 1843 920 1896 totius
939 1845 1094 1899 sententie:
1114 1866 1171 1918 epa·

101 1927 214 1987 Novisse
227 1941 331 2002 poteret
344 1947 378 1982 ex
389 1928 435 1979 illo
446 1925 518 1978 dicto
533 1927 617 1978 Phor·
658 1923 725 1978 tium
736 1935 806 1977 certe
815 1935 844 1976 tu
854 1923 1097 1998 aliquodtemporis
1107 1947 1171 1998 nep.
1204 1919 1207 1934 ⁸
1266 1948 1268 1958 .

103 2013 216 2078 mionis,
227 2024 278 2062 act.
293 2012 381 2070 aiunt,
393 2027 426 2060 ,nc
438 2025 509 2075 agas.
519 2005 561 2058 Cf.
571 2023 616 2058 ou·
659 2001 782 2064 decoris,
805 2013 946 2072 autequam
960 2002 1005 2055 ille
1018 2003 1051 2056 ad
1064 2005 1171 2076 nuptiae

102 2112 166 2164 pra,
180 2110 219 2146 ve.
232 2097 295 2154 419.
307 2091 395 2138 Perler.
659 2080 776 2134 accedat.
798 2081 901 2146 Quibus
925 2080 995 2133 enim
1021 2088 1172 2150 apparandis

108 2213 112 2220 .
139 2175 202 2238 694.
216 2175 296 2235 Quum
308 2179 435 2233 argentum
447 2173 561 2230 repetem.
574 2160 617 2212 So.
659 2178 725 2232 opus
737 2171 790 2224 est,
802 2161 929 2212 convivas
940 2179 1047 2228 vocare,
1066 2163 1121 2216 Diis
1134 2184 1173 2214 sa·

103 2246 238 2319 Demipho
259 2257 286 2298 et
308 2243 444 2298 Chremes.
459 2269 494 2282 -·-
508 2241 617 2304 Scilicet,
660 2241 785 2307 crificarc,
799 2249 849 2292 etc.
861 2237 923 2289 Haee
934 2255 999 2290 vero
1013 2251 1040 2290 et
1054 2239 1106 2292 elia
1119 2241 1172 2292 bu·

103 2348 154 2402 per
164 2326 290 2386 ironiam.
657 2316 700 2388 jur
716 2315 790 2374 modi
804 2317 904 2378 anteire
917 2315 1044 2384 solebant.
1059 2324 1149 2372 Perict.

139 2411 204 2476 695.
217 2409 287 2456 Nost.
302 2403 405 2465 cauum
416 2410 573 2464 nervumpot.
586 2399 618 2448 ib.
697 2415 757 2466 701.
774 2400 915 2448 Paululum.
935 2395 1102 2467 Adjectivum
1121 2398 1173 2452 boe

104 2489 168 2550 Haec
186 2485 273 2556 accipi
290 2483 388 2536 debent
406 2481 528 2549 εἰρωνικῶς
539 2513 547 2538 ,
560 2476 579 2528 i.
594 2493 622 2530 e.
661 2475 731 2528 refer
744 2475 778 2526 ad
791 2477 911 2542 spatium,
927 2493 965 2525 vs.
978 2475 1091 2544 praeced.

104 2569 133 2626 in
145 2566 253 2622 vincula
266 2583 294 2618 ee
311 2561 374 2615 duci
386 2559 477 2630 potius
488 2555 620 2626 patietur,
698 2571 757 2622 7⁰²·
773 2557 847 2618 Quod
853 2553 958 2620 polliciti
969 2567 1034 2602 sunt.
1051 2553 1080 2605 C.
1090 2553 1122 2605 G,
1137 2571 1173 2606 m,

104 2665 186 2718 quam
199 2663 248 2698 uos
261 2639 372 2712 prodet,
387 2639 405 2692 i.
415 2657 438 2690 e.
452 2653 534 2706 quum
546 2651 621 2703 repe·
662 2643 688 2684 et
701 2631 734 2682 al.
748 2629 809 2682 add.
824 2645 962 2696 argentum.
977 2630 1096 2682 Glossam
1111 2632 1173 2684 olet.

104 2737 163 2778 tent
172 2735 329 2796 argentum,
343 2719 432 2790 potius
450 2733 499 2768 nos
514 2713 621 2784 prodet,
662 2732 697 2742 -ν
711 2705 785 2770 Quod
794 2703 899 2767 polliciti
910 2715 974 2752 sunt.
992 2701 1071 2779 Supp.
1085 2721 1176 2774 ergen-

84 2843 87 2850 ·
105 2823 189 2877 quum
198 2805 225 2856 in
234 2818 346 2865 nervum
353 2793 489 2868 compingi
500 2812 527 2846 se
537 2790 620 2862 (quod
662 2795 729 2834 tum·
744 2779 784 2832 Cf.
797 2797 892 2850 supro,
906 2797 945 2830 vs.
960 2777 1019 2832 535.

91 2885 137 2944 -iis
154 2882 202 2954 qui
221 2875 350 2934 solvendo
371 2893 426 2930 non
446 2889 525 2943 peres
548 2881 621 2922 erant
698 2859 758 2930 7⁰3·
772 2863 806 2910 Id
821 2863 871 2910 ille.
885 2859 944 2910 Lib.
957 2860 1038 2930 antiq.
1051 2862 1108 2910 inde
1124 2863 1176 2913 iste.

105 2983 158 3022 usu
168 2959 320 3025 veniebat),
334 2955 458 3026 patietur.
467 2949 530 3002 vid.
542 2948 621 3002 etiam
662 2943 747 2990 —1d·
761 2939 936 3010 Acceptum.e
955 2935 1072 2990 Phaedria
1086 2958 1177 3011 ergen-

105 3041 169 3100 Joh.
180 3038 281 3093 Weilz.
292 3039 394 3105 Boeclep
663 3031 731 3072 tum.
744 3049 779 3060 -
789 3021 851 3082 Ille,
866 3016 1044 3070 Phormi0.-
1056 3023 1129 3083 Istis,
1140 3038 1178 3071 se.

144 3121 206 3188 696.
218 3119 281 3184 Quin
285 3115 371 3182 possit.
381 3108 462 3176 Quod
471 3126 525 3161 uon
532 3104 622 3176 possit.
663 3100 749 3152 nibus.
759 3129 794 3137 -
805 3101 915 3162 Reddet,
930 3097 1032 3168 adjice:
1047 3109 1088 3158 et,
1102 3117 1178 3168 nega-

144 3201 208 3266 697.
231 3194 367 3260 Exwrpis,
380 3186 497 3252 eximis,
514 3195 622 3257 praeter·
663 3179 702 3230 bit
715 3197 743 3232 se
756 3195 834 3248 posse
849 3176 981 3228 Phanium
995 3177 1049 3246 jam
1066 3187 1177 3228 uxorem

106 3277 204 3336 emittis,
665 3256 770 3308 ducere.
792 3284 828 3295 -
854 3259 1037 3322 Quamobrem?
1061 3271 1114 3324 qua
1144 3253 1178 3306 de

145 3357 207 3421 698.
224 3357 377 3418 Argentum,
390 3342 532 3416 pecuniam
549 3339 622 3392 dote-
665 3333 762 3392 causa?
775 3352 823 3386 cur
835 3330 929 3389 reddat
939 3329 1087 3398 l-Rogas‚
1099 3350 1176 3404 supp,

106 3430 366 3496 lem.-Acceperit,
381 3443 418 3478 ec.
433 3420 569 3476 Phormio.
665 3413 731 3484 quid
750 3431 835 3465 cuusae
848 3409 946 3483 poterit
962 3408 1137 3485 portendere;
1153 3426 1179 3464 et

145 3517 207 3579 699.
220 3511 340 3560 Ducenda
353 3519 471 3556 cstuccor.
483 3498 624 3572 Oportebit
665 3493 754 3546 statim
772 3491 840 3546 Geta
863 3489 1052 3554 Phormionem
1075 3489 1179 3544 inducit

108 3611 171 3645 eum
185 3606 295 3642 uxorem
306 3585 414 3638 ducere.
666 3573 836 3644 loquentem:
854 3579 919 3638 Quot
927 3589 978 3629 res,
985 3583 1044 3636 post
1055 3572 1115 3630 illa,
1129 3583 1178 3622 etc,

146 3687 208 3739 700.
226 3666 386 3734 Apparandis
406 3663 502 3730 nuptiis.
523 3659 556 3712 G.
576 3657 625 3710 Fa·
702 3657 763 3722 704.
785 3654 922 3716 Postilla,
943 3661 1004 3720 poet
1022 3647 1178 3700 couventio-

107 3750 178 3802 brio.
190 3747 333 3814 adparandi
344 3743 492 3808 nuptias.—
504 3739 625 3806 Spatium,
667 3751 728 3784 nem
747 3729 910 3800 nupliarum.
924 3758 958 3767 -
974 3731 1084 3777 Monstra
1096 3745 1180 3779 evene·

108 3846 198 3880 mora.
215 3855 251 3866 -
271 3825 395 3886 Tandem,
410 3819 443 3871 ad
462 3817 604 3871 minimum
615 3853 624 3878 ‚
668 3825 726 3862 rum
735 3812 800 3860 mibi·
811 3809 900 3874 Quam
911 3805 994 3858 multa
1003 3803 1070 3855 mibi
1081 3805 1182 3860 accide-

108 3908 213 3962 saltem.
231 3903 347 3968 Gallice,
357 3903 427 3968 apris
442 3910 508 3958 tout,
522 3914 555 3944 au
568 3897 626 3944 bour
668 3904 732 3943 runt.
745 3899 882 3962 portenta,
895 3885 990 3958 quibus
1003 3882 1134 3952 impediar
1148 3906 1182 3956 ης

109 3990 143 4035 du
157 3997 261 4050 compte.
274 4011 309 4022 -
323 3977 479 4050 Apparaudis
495 3987 563 4042 nupt.
575 3983 622 4026 ele.
668 3969 772 4022 ducem.
784 3999 817 4010 -
828 3964 956 4036 Egregius
964 3962 1085 4032 sequitur
1094 3964 1181 4031 locus,

981 4071 1044 4130 20²
