<?xml version="1.0" encoding="UTF-8"?>
<!DOCTYPE html PUBLIC "-//W3C//DTD XHTML 1.0 Transitional//EN"
    "http://www.w3.org/TR/xhtml1/DTD/xhtml1-transitional.dtd">
<html xmlns="http://www.w3.org/1999/xhtml" xml:lang="en" lang="en">
 <head>
  <title>
</title>
<meta http-equiv="Content-Type" content="text/html;charset=utf-8" />
  <meta name='ocr-system' content='tesseract 3.04.00' />
  <meta name='ocr-capabilities' content='ocr_page ocr_carea ocr_par ocr_line ocrx_word'/>
</head>
<body>
  <div class='ocr_page' id='page_1' title='image "./publiiterentiia01lemagoog/publiiterentiia01lemagoog_0205.png"; bbox 0 0 2776 4782; ppageno 0'>
   <div class='ocr_carea' id='block_1_1' title="bbox 171 419 1004 515">
    <p class='ocr_par' dir='ltr' id='par_1_1' title="bbox 171 419 1004 515">
     <span class='ocr_line' id='line_1_1' title="bbox 171 419 1004 515; baseline 0 -27"><span class='ocrx_word' id='word_1_1' title='bbox 171 419 240 515; x_wconf 79' lang='lat'>196</span> <span class='ocrx_word' id='word_1_2' title='bbox 390 421 567 490; x_wconf 89' lang='lat' dir='ltr'>PUBLII</span> <span class='ocrx_word' id='word_1_3' title='bbox 597 421 852 488; x_wconf 88' lang='lat' dir='ltr'><strong>TERENTII</strong></span> <span class='ocrx_word' id='word_1_4' title='bbox 880 421 1004 488; x_wconf 83' lang='lat' dir='ltr'><strong>AFRI</strong></span> 
     </span>
    </p>
   </div>
   <div class='ocr_carea' id='block_1_2' title="bbox 397 637 989 934">
    <p class='ocr_par' dir='ltr' id='par_1_2' title="bbox 397 637 989 934">
     <span class='ocr_line' id='line_1_2' title="bbox 397 637 989 729; baseline -0.005 -2"><span class='ocrx_word' id='word_1_5' title='bbox 397 637 619 727; x_wconf 82' lang='lat' dir='ltr'><strong>SCENA</strong></span> <span class='ocrx_word' id='word_1_6' title='bbox 649 637 989 729; x_wconf 82' lang='lat' dir='ltr'><strong>SECUNDA.</strong></span> 
     </span>
     <span class='ocr_line' id='line_1_3' title="bbox 423 775 972 934; baseline 0 -18"><span class='ocrx_word' id='word_1_7' title='bbox 423 848 669 934; x_wconf 75' lang='lat' dir='ltr'>sosrmm,</span> <span class='ocrx_word' id='word_1_8' title='bbox 701 775 972 918; x_wconf 73' lang='lat' dir='ltr'>rumpemus.</span> 
     </span>
    </p>
   </div>
   <div class='ocr_carea' id='block_1_3' title="bbox 122 1047 1278 1896">
    <p class='ocr_par' dir='ltr' id='par_1_3' title="bbox 122 1047 1278 1896">
     <span class='ocr_line' id='line_1_4' title="bbox 122 1047 1245 1148; baseline -0.005 -20"><span class='ocrx_word' id='word_1_9' title='bbox 122 1105 123 1112; x_wconf 24' lang='grc' dir='ltr'><strong>κ</strong></span> <span class='ocrx_word' id='word_1_10' title='bbox 165 1061 221 1128; x_wconf 88' lang='lat' dir='ltr'>So.</span> <span class='ocrx_word' id='word_1_11' title='bbox 245 1055 324 1125; x_wconf 87' lang='lat' dir='ltr'>Non</span> <span class='ocrx_word' id='word_1_12' title='bbox 344 1053 428 1122; x_wconf 83' lang='lat' dir='ltr'>clam</span> <span class='ocrx_word' id='word_1_13' title='bbox 445 1077 498 1121; x_wconf 88' lang='lat' dir='ltr'>me</span> <span class='ocrx_word' id='word_1_14' title='bbox 518 1067 582 1136; x_wconf 90' lang='lat' dir='ltr'>est,</span> <span class='ocrx_word' id='word_1_15' title='bbox 603 1047 701 1147; x_wconf 80' lang='lat' dir='ltr'>g‘nate</span> <span class='ocrx_word' id='word_1_16' title='bbox 715 1053 779 1140; x_wconf 89' lang='lat' dir='ltr'>mi,</span> <span class='ocrx_word' id='word_1_17' title='bbox 801 1052 861 1120; x_wconf 91' lang='lat' dir='ltr'>tibi</span> <span class='ocrx_word' id='word_1_18' title='bbox 874 1077 927 1121; x_wconf 91' lang='lat' dir='ltr'>me</span> <span class='ocrx_word' id='word_1_19' title='bbox 942 1078 1012 1122; x_wconf 89' lang='lat' dir='ltr'>esse</span> <span class='ocrx_word' id='word_1_20' title='bbox 1030 1069 1245 1148; x_wconf 82' lang='lat' dir='ltr'>suspectam,</span> 
     </span>
     <span class='ocr_line' id='line_1_5' title="bbox 322 1174 572 1229; baseline -0.012 0"><span class='ocrx_word' id='word_1_21' title='bbox 322 1183 465 1229; x_wconf 85' lang='lat' dir='ltr'>uxorem·</span> <span class='ocrx_word' id='word_1_22' title='bbox 480 1174 572 1227; x_wconf 88' lang='lat' dir='ltr'>tuam</span> 
     </span>
     <span class='ocr_line' id='line_1_6' title="bbox 165 1259 1195 1366; baseline -0.007 -25"><span class='ocrx_word' id='word_1_23' title='bbox 165 1274 305 1366; x_wconf 85' lang='lat' dir='ltr'>Propter</span> <span class='ocrx_word' id='word_1_24' title='bbox 316 1293 408 1337; x_wconf 88' lang='lat' dir='ltr'>rocos</span> <span class='ocrx_word' id='word_1_25' title='bbox 420 1291 529 1335; x_wconf 89' lang='lat' dir='ltr'>mores</span> <span class='ocrx_word' id='word_1_26' title='bbox 539 1265 619 1334; x_wconf 91' lang='lat' dir='ltr'>hinc</span> <span class='ocrx_word' id='word_1_27' title='bbox 631 1264 748 1352; x_wconf 84' lang='lat' dir='ltr'>abisse,</span> <span class='ocrx_word' id='word_1_28' title='bbox 758 1264 818 1334; x_wconf 88' lang='lat' dir='ltr'>etsi</span> <span class='ocrx_word' id='word_1_29' title='bbox 829 1289 867 1334; x_wconf 85' lang='lat' dir='ltr'>ea</span> <span class='ocrx_word' id='word_1_30' title='bbox 876 1259 1060 1336; x_wconf 85' lang='lat' dir='ltr'>dissimulas</span> <span class='ocrx_word' id='word_1_31' title='bbox 1071 1265 1195 1336; x_wconf 91' lang='lat' dir='ltr'>sedulo.</span> 
     </span>
     <span class='ocr_line' id='line_1_7' title="bbox 165 1366 1278 1468; baseline -0.005 -21"><span class='ocrx_word' id='word_1_32' title='bbox 165 1380 312 1464; x_wconf 81' lang='lat' dir='ltr'>Verum,</span> <span class='ocrx_word' id='word_1_33' title='bbox 328 1376 374 1443; x_wconf 86' lang='lat' dir='ltr'>ita</span> <span class='ocrx_word' id='word_1_34' title='bbox 389 1397 443 1442; x_wconf 91' lang='lat' dir='ltr'>me</span> <span class='ocrx_word' id='word_1_35' title='bbox 462 1371 504 1438; x_wconf 83' lang='lat' dir='ltr'>Dt</span> <span class='ocrx_word' id='word_1_36' title='bbox 521 1387 633 1440; x_wconf 86' lang='lat' dir='ltr'>ament</span> <span class='ocrx_word' id='word_1_37' title='bbox 649 1366 657 1438; x_wconf 79' lang='lat' dir='ltr'>i</span> <span class='ocrx_word' id='word_1_38' title='bbox 677 1372 787 1466; x_wconf 85' lang='lat' dir='ltr'>itaque</span> <span class='ocrx_word' id='word_1_39' title='bbox 802 1371 977 1468; x_wconf 83' lang='lat' dir='ltr'>obtingant</span> <span class='ocrx_word' id='word_1_40' title='bbox 993 1397 1034 1441; x_wconf 83' lang='lat' dir='ltr'>ex</span> <span class='ocrx_word' id='word_1_41' title='bbox 1049 1388 1082 1442; x_wconf 89' lang='lat' dir='ltr'>te</span> <span class='ocrx_word' id='word_1_42' title='bbox 1099 1398 1171 1468; x_wconf 84' lang='lat' dir='ltr'>quae</span> <span class='ocrx_word' id='word_1_43' title='bbox 1182 1398 1245 1442; x_wconf 84' lang='lat' dir='ltr'>ex·</span> <span class='ocrx_word' id='word_1_44' title='bbox 1275 1378 1278 1384; x_wconf 85' lang='lat'>&#39;</span> 
     </span>
     <span class='ocr_line' id='line_1_8' title="bbox 325 1476 1192 1574; baseline -0.007 -26"><span class='ocrx_word' id='word_1_45' title='bbox 325 1495 404 1574; x_wconf 86' lang='lat' dir='ltr'>opto</span> <span class='ocrx_word' id='word_1_46' title='bbox 418 1476 522 1564; x_wconf 85' lang='lat' dir='ltr'>mihi,</span> <span class='ocrx_word' id='word_1_47' title='bbox 1188 1563 1192 1568; x_wconf 18' lang='grc' dir='ltr'><strong>Δ</strong></span> 
     </span>
     <span class='ocr_line' id='line_1_9' title="bbox 165 1583 1243 1681; baseline -0.003 -24"><span class='ocrx_word' id='word_1_48' title='bbox 165 1591 214 1658; x_wconf 90' lang='lat' dir='ltr'>Ut</span> <span class='ocrx_word' id='word_1_49' title='bbox 237 1609 408 1681; x_wconf 85' lang='lat' dir='ltr'>nunquam</span> <span class='ocrx_word' id='word_1_50' title='bbox 425 1583 531 1654; x_wconf 87' lang='lat' dir='ltr'>sciens</span> <span class='ocrx_word' id='word_1_51' title='bbox 545 1585 747 1670; x_wconf 85' lang='lat' dir='ltr'><strong>commerui,</strong></span> <span class='ocrx_word' id='word_1_52' title='bbox 776 1585 895 1654; x_wconf 89' lang='lat' dir='ltr'>merito</span> <span class='ocrx_word' id='word_1_53' title='bbox 913 1599 952 1655; x_wconf 88' lang='lat' dir='ltr'>ut</span> <span class='ocrx_word' id='word_1_54' title='bbox 972 1600 1104 1679; x_wconf 87' lang='lat' dir='ltr'>caperet</span> <span class='ocrx_word' id='word_1_55' title='bbox 1121 1585 1243 1654; x_wconf 88' lang='lat' dir='ltr'>odium</span> 
     </span>
     <span class='ocr_line' id='line_1_10' title="bbox 318 1689 1244 1777; baseline -0.011 -16"><span class='ocrx_word' id='word_1_56' title='bbox 318 1691 408 1762; x_wconf 88' lang='lat' dir='ltr'>illam</span> <span class='ocrx_word' id='word_1_57' title='bbox 427 1689 515 1777; x_wconf 86' lang='lat' dir='ltr'>mei;</span> <span class='ocrx_word' id='word_1_58' title='bbox 1198 1712 1244 1752; x_wconf 66' lang='grc' dir='ltr'>εει»</span> 
     </span>
     <span class='ocr_line' id='line_1_11' title="bbox 165 1796 1206 1896; baseline -0.003 -26"><span class='ocrx_word' id='word_1_59' title='bbox 165 1803 277 1896; x_wconf 83' lang='lat' dir='ltr'>Teque</span> <span class='ocrx_word' id='word_1_60' title='bbox 291 1813 366 1869; x_wconf 88' lang='lat' dir='ltr'>ante</span> <span class='ocrx_word' id='word_1_61' title='bbox 381 1823 481 1894; x_wconf 86' lang='lat' dir='ltr'>quarn</span> <span class='ocrx_word' id='word_1_62' title='bbox 501 1821 556 1866; x_wconf 87' lang='lat' dir='ltr'>me</span> <span class='ocrx_word' id='word_1_63' title='bbox 574 1821 685 1866; x_wconf 83' lang='lat' dir='ltr'>amare</span> <span class='ocrx_word' id='word_1_64' title='bbox 697 1796 814 1882; x_wconf 86' lang='lat' dir='ltr'>rebar,</span> <span class='ocrx_word' id='word_1_65' title='bbox 835 1799 865 1867; x_wconf 91' lang='lat' dir='ltr'>ei</span> <span class='ocrx_word' id='word_1_66' title='bbox 880 1799 928 1866; x_wconf 92' lang='lat' dir='ltr'>rei</span> <span class='ocrx_word' id='word_1_67' title='bbox 941 1799 1078 1869; x_wconf 84' lang='lat' dir='ltr'>firmasti</span> <span class='ocrx_word' id='word_1_68' title='bbox 1096 1797 1206 1868; x_wconf 89' lang='lat' dir='ltr'>fidem.</span> 
     </span>
    </p>
   </div>
   <div class='ocr_carea' id='block_1_4' title="bbox 144 2005 1247 4124">
    <p class='ocr_par' dir='ltr' id='par_1_4' title="bbox 165 2005 1244 2312">
     <span class='ocr_line' id='line_1_12' title="bbox 201 2005 1244 2079; baseline -0.002 -16"><span class='ocrx_word' id='word_1_69' title='bbox 201 2010 244 2063; x_wconf 90' lang='lat' dir='ltr'>Sc.</span> <span class='ocrx_word' id='word_1_70' title='bbox 265 2025 298 2061; x_wconf 88' lang='lat' dir='ltr'>tt.</span> <span class='ocrx_word' id='word_1_71' title='bbox 317 2007 401 2059; x_wconf 81' lang='lat' dir='ltr'>Mater</span> <span class='ocrx_word' id='word_1_72' title='bbox 418 2007 535 2058; x_wconf 80' lang='lat' dir='ltr'>Sostrate</span> <span class='ocrx_word' id='word_1_73' title='bbox 549 2005 679 2078; x_wconf 89' lang='lat' dir='ltr'>comperit</span> <span class='ocrx_word' id='word_1_74' title='bbox 723 2005 1244 2079; x_wconf 80' lang='lat' dir='ltr'>ingeniumPamphilidemonstratntu·</span> 
     </span>
     <span class='ocr_line' id='line_1_13' title="bbox 167 2083 1067 2160; baseline -0.001 -20"><span class='ocrx_word' id='word_1_75' title='bbox 167 2085 338 2160; x_wconf 76' lang='lat' dir='ltr'>Pamphilum</span> <span class='ocrx_word' id='word_1_76' title='bbox 353 2083 455 2138; x_wconf 89' lang='lat' dir='ltr'>idcirco</span> <span class='ocrx_word' id='word_1_77' title='bbox 469 2083 539 2136; x_wconf 89' lang='lat' dir='ltr'>nolle</span> <span class='ocrx_word' id='word_1_78' title='bbox 551 2083 679 2137; x_wconf 81' lang='lat' dir='ltr'>reducere</span> <span class='ocrx_word' id='word_1_79' title='bbox 723 2097 764 2140; x_wconf 91' lang='lat' dir='ltr'>ter</span> <span class='ocrx_word' id='word_1_80' title='bbox 776 2087 828 2139; x_wconf 80' lang='lat' dir='ltr'>hoc</span> <span class='ocrx_word' id='word_1_81' title='bbox 838 2087 975 2139; x_wconf 84' lang='lat' dir='ltr'>sententia.</span> <span class='ocrx_word' id='word_1_82' title='bbox 991 2093 1067 2140; x_wconf 80' lang='lat' dir='ltr'>Boecl.</span> 
     </span>
     <span class='ocr_line' id='line_1_14' title="bbox 166 2162 1241 2236; baseline -0.002 -15"><span class='ocrx_word' id='word_1_83' title='bbox 166 2185 290 2232; x_wconf 84' lang='lat' dir='ltr'>uxorem,</span> <span class='ocrx_word' id='word_1_84' title='bbox 310 2163 383 2235; x_wconf 90' lang='lat' dir='ltr'>quod</span> <span class='ocrx_word' id='word_1_85' title='bbox 401 2163 482 2216; x_wconf 78' lang='lat' dir='ltr'>vellet</span> <span class='ocrx_word' id='word_1_86' title='bbox 497 2163 589 2214; x_wconf 80' lang='lat' dir='ltr'>matris</span> <span class='ocrx_word' id='word_1_87' title='bbox 607 2162 679 2236; x_wconf 88' lang='lat' dir='ltr'>inju-</span> <span class='ocrx_word' id='word_1_88' title='bbox 761 2167 821 2235; x_wconf 82' lang='lat'><em>579.</em></span> <span class='ocrx_word' id='word_1_89' title='bbox 838 2169 943 2232; x_wconf 72' lang='lat' dir='ltr'>Erepto.</span> <span class='ocrx_word' id='word_1_90' title='bbox 958 2165 1094 2219; x_wconf 89' lang='lat' dir='ltr'>L.&#39;Bemb.</span> <span class='ocrx_word' id='word_1_91' title='bbox 1109 2181 1241 2234; x_wconf 75' lang='lat' dir='ltr'>exoptem.</span> 
     </span>
     <span class='ocr_line' id='line_1_15' title="bbox 165 2240 1243 2312; baseline -0.002 -12"><span class='ocrx_word' id='word_1_92' title='bbox 165 2249 218 2300; x_wconf 83' lang='lat' dir='ltr'>rias</span> <span class='ocrx_word' id='word_1_93' title='bbox 232 2243 378 2299; x_wconf 82' lang='lat' dir='ltr'>vindicare.</span> <span class='ocrx_word' id='word_1_94' title='bbox 394 2240 486 2294; x_wconf 82' lang='lat' dir='ltr'>Credit</span> <span class='ocrx_word' id='word_1_95' title='bbox 504 2241 574 2293; x_wconf 87' lang='lat' dir='ltr'>enim</span> <span class='ocrx_word' id='word_1_96' title='bbox 590 2241 680 2312; x_wconf 78' lang='lat' dir='ltr'>jurgio</span> <span class='ocrx_word' id='word_1_97' title='bbox 723 2273 759 2284; x_wconf 90' lang='lat'>—</span> <span class='ocrx_word' id='word_1_98' title='bbox 772 2251 868 2306; x_wconf 83' lang='lat' dir='ltr'>Verum,</span> <span class='ocrx_word' id='word_1_99' title='bbox 878 2246 913 2294; x_wconf 82' lang='lat' dir='ltr'>ita</span> <span class='ocrx_word' id='word_1_100' title='bbox 923 2264 961 2296; x_wconf 80' lang='lat' dir='ltr'>me</span> <span class='ocrx_word' id='word_1_101' title='bbox 970 2246 1102 2306; x_wconf 64' lang='lat' dir='ltr'>moment,</span> <span class='ocrx_word' id='word_1_102' title='bbox 1116 2257 1165 2298; x_wconf 87' lang='lat' dir='ltr'>etc.</span> <span class='ocrx_word' id='word_1_103' title='bbox 1174 2247 1243 2299; x_wconf 83' lang='lat' dir='ltr'>Htec</span> 
     </span>
    </p>

    <p class='ocr_par' dir='ltr' id='par_1_5' title="bbox 144 2318 1240 2394">
     <span class='ocr_line' id='line_1_16' title="bbox 144 2318 1240 2394; baseline -0.001 -17"><span class='ocrx_word' id='word_1_104' title='bbox 144 2321 257 2390; x_wconf 65' lang='lat' dir='ltr'>,matris</span> <span class='ocrx_word' id='word_1_105' title='bbox 275 2321 392 2394; x_wconf 85' lang='lat' dir='ltr'>puellam</span> <span class='ocrx_word' id='word_1_106' title='bbox 404 2319 562 2372; x_wconf 79' lang='lat' dir='ltr'>discessisse.</span> <span class='ocrx_word' id='word_1_107' title='bbox 579 2320 614 2372; x_wconf 87' lang='lat' dir='ltr'>Et</span> <span class='ocrx_word' id='word_1_108' title='bbox 626 2321 678 2372; x_wconf 88' lang='lat' dir='ltr'>hoc</span> <span class='ocrx_word' id='word_1_109' title='bbox 725 2323 826 2390; x_wconf 85' lang='lat' dir='ltr'>integra</span> <span class='ocrx_word' id='word_1_110' title='bbox 843 2318 1010 2376; x_wconf 83' lang='lat' dir='ltr'>constructio</span> <span class='ocrx_word' id='word_1_111' title='bbox 1028 2325 1185 2388; x_wconf 82' lang='lat' dir='ltr'>verborum,</span> <span class='ocrx_word' id='word_1_112' title='bbox 1201 2329 1240 2376; x_wconf 83' lang='lat' dir='ltr'>ita</span> 
     </span>
    </p>

    <p class='ocr_par' dir='ltr' id='par_1_6' title="bbox 155 2399 1244 3264">
     <span class='ocr_line' id='line_1_17' title="bbox 167 2399 1242 2476; baseline -0.002 -19"><span class='ocrx_word' id='word_1_113' title='bbox 167 2406 247 2476; x_wconf 85' lang='lat' dir='ltr'>igitur</span> <span class='ocrx_word' id='word_1_114' title='bbox 259 2401 369 2474; x_wconf 88' lang='lat' dir='ltr'>proprie</span> <span class='ocrx_word' id='word_1_115' title='bbox 383 2399 437 2470; x_wconf 84' lang='lat' dir='ltr'>agit</span> <span class='ocrx_word' id='word_1_116' title='bbox 445 2399 621 2466; x_wconf 83' lang='lat' dir='ltr'>Sostrata‚uti</span> <span class='ocrx_word' id='word_1_117' title='bbox 631 2417 678 2450; x_wconf 86' lang='lat' dir='ltr'>rue</span> <span class='ocrx_word' id='word_1_118' title='bbox 725 2420 764 2452; x_wconf 84' lang='lat' dir='ltr'>me</span> <span class='ocrx_word' id='word_1_119' title='bbox 776 2400 815 2451; x_wconf 76' lang='lat' dir='ltr'>Dt‘</span> <span class='ocrx_word' id='word_1_120' title='bbox 820 2417 915 2464; x_wconf 78' lang='lat' dir='ltr'>ament,</span> <span class='ocrx_word' id='word_1_121' title='bbox 935 2417 961 2453; x_wconf 89' lang='lat' dir='ltr'>et</span> <span class='ocrx_word' id='word_1_122' title='bbox 979 2404 1014 2453; x_wconf 86' lang='lat' dir='ltr'>ita</span> <span class='ocrx_word' id='word_1_123' title='bbox 1028 2405 1157 2470; x_wconf 77' lang='lat' dir='ltr'>obtingant</span> <span class='ocrx_word' id='word_1_124' title='bbox 1169 2424 1203 2455; x_wconf 74' lang='lat' dir='ltr'>ee</span> <span class='ocrx_word' id='word_1_125' title='bbox 1214 2419 1242 2456; x_wconf 84' lang='lat' dir='ltr'>te</span> 
     </span>
     <span class='ocr_line' id='line_1_18' title="bbox 164 2479 1242 2558; baseline -0.004 -20"><span class='ocrx_word' id='word_1_126' title='bbox 164 2479 355 2558; x_wconf 80' lang='lat' dir='ltr'>ipsadisoedet,</span> <span class='ocrx_word' id='word_1_127' title='bbox 363 2479 385 2532; x_wconf 91' lang='lat' dir='ltr'>si</span> <span class='ocrx_word' id='word_1_128' title='bbox 392 2490 501 2550; x_wconf 91' lang='lat' dir='ltr'>propter</span> <span class='ocrx_word' id='word_1_129' title='bbox 510 2479 680 2550; x_wconf 70' lang='lat' dir='ltr'>presentiam</span> <span class='ocrx_word' id='word_1_130' title='bbox 708 2481 786 2530; x_wconf 59' lang='lat' dir='ltr'>witi</span> <span class='ocrx_word' id='word_1_131' title='bbox 802 2499 858 2547; x_wconf 79' lang='lat' dir='ltr'>quoe</span> <span class='ocrx_word' id='word_1_132' title='bbox 875 2495 977 2547; x_wconf 70' lang='lat' dir='ltr'>exopto,</span> <span class='ocrx_word' id='word_1_133' title='bbox 998 2496 1025 2532; x_wconf 85' lang='lat' dir='ltr'>ut</span> <span class='ocrx_word' id='word_1_134' title='bbox 1035 2502 1161 2550; x_wconf 83' lang='lat' dir='ltr'>nunquam</span> <span class='ocrx_word' id='word_1_135' title='bbox 1174 2503 1242 2534; x_wconf 84' lang='lat' dir='ltr'>eom-</span> 
     </span>
     <span class='ocr_line' id='line_1_19' title="bbox 166 2557 1244 2628; baseline -0.005 -11"><span class='ocrx_word' id='word_1_136' title='bbox 166 2583 233 2617; x_wconf 88' lang='lat' dir='ltr'>uxor</span> <span class='ocrx_word' id='word_1_137' title='bbox 250 2559 337 2614; x_wconf 87' lang='lat' dir='ltr'>redire</span> <span class='ocrx_word' id='word_1_138' title='bbox 358 2576 412 2611; x_wconf 88' lang='lat' dir='ltr'>nou</span> <span class='ocrx_word' id='word_1_139' title='bbox 426 2558 490 2610; x_wconf 88' lang='lat' dir='ltr'>vult.</span> <span class='ocrx_word' id='word_1_140' title='bbox 504 2559 610 2628; x_wconf 73' lang='lat' dir='ltr'>(Peri.)</span> <span class='ocrx_word' id='word_1_141' title='bbox 628 2557 681 2612; x_wconf 89' lang='lat' dir='ltr'>Sed</span> <span class='ocrx_word' id='word_1_142' title='bbox 725 2561 803 2610; x_wconf 82' lang='lat' dir='ltr'>merui</span> <span class='ocrx_word' id='word_1_143' title='bbox 823 2559 901 2610; x_wconf 77' lang='lat' dir='ltr'>sciens</span> <span class='ocrx_word' id='word_1_144' title='bbox 925 2573 952 2609; x_wconf 84' lang='lat' dir='ltr'>ut</span> <span class='ocrx_word' id='word_1_145' title='bbox 972 2563 1055 2614; x_wconf 81' lang='lat' dir='ltr'>odium</span> <span class='ocrx_word' id='word_1_146' title='bbox 1070 2561 1123 2612; x_wconf 67' lang='lat' dir='ltr'>mei</span> <span class='ocrx_word' id='word_1_147' title='bbox 1142 2575 1244 2628; x_wconf 78' lang='lat' dir='ltr'>caperet</span> 
     </span>
     <span class='ocr_line' id='line_1_20' title="bbox 155 2630 806 2708; baseline -0.015 -10"><span class='ocrx_word' id='word_1_148' title='bbox 155 2645 221 2698; x_wconf 76' lang='lat' dir='ltr'>&#39;elia</span> <span class='ocrx_word' id='word_1_149' title='bbox 231 2659 311 2696; x_wconf 84' lang='lat' dir='ltr'>causa</span> <span class='ocrx_word' id='word_1_150' title='bbox 329 2651 382 2700; x_wconf 85' lang='lat' dir='ltr'>est,</span> <span class='ocrx_word' id='word_1_151' title='bbox 395 2657 444 2692; x_wconf 89' lang='lat' dir='ltr'>cur</span> <span class='ocrx_word' id='word_1_152' title='bbox 457 2637 615 2708; x_wconf 85' lang='lat' dir='ltr'>Pamphilus</span> <span class='ocrx_word' id='word_1_153' title='bbox 625 2630 692 2692; x_wconf 67' lang='lat' dir='ltr'>non&#39;</span> <span class='ocrx_word' id='word_1_154' title='bbox 727 2638 806 2688; x_wconf 81' lang='lat' dir='ltr'>illam.</span> 
     </span>
     <span class='ocr_line' id='line_1_21' title="bbox 166 2715 1242 2792; baseline -0.004 -15"><span class='ocrx_word' id='word_1_155' title='bbox 166 2721 337 2792; x_wconf 87' lang='lat' dir='ltr'>reducit‚qui</span> <span class='ocrx_word' id='word_1_156' title='bbox 345 2737 438 2790; x_wconf 86' lang='lat' dir='ltr'>parere</span> <span class='ocrx_word' id='word_1_157' title='bbox 448 2718 563 2790; x_wconf 87' lang='lat' dir='ltr'>puellam</span> <span class='ocrx_word' id='word_1_158' title='bbox 574 2717 682 2786; x_wconf 86' lang='lat' dir='ltr'>vidit,et</span> <span class='ocrx_word' id='word_1_159' title='bbox 763 2715 823 2768; x_wconf 87' lang='lat'><strong>580.</strong></span> <span class='ocrx_word' id='word_1_160' title='bbox 839 2719 920 2784; x_wconf 51' lang='lat' dir='ltr'>Illam.¹</span> <span class='ocrx_word' id='word_1_161' title='bbox 936 2717 976 2769; x_wconf 84' lang='lat' dir='ltr'>Itn</span> <span class='ocrx_word' id='word_1_162' title='bbox 988 2718 1034 2771; x_wconf 82' lang='lat' dir='ltr'>Fa.</span> <span class='ocrx_word' id='word_1_163' title='bbox 1045 2729 1116 2770; x_wconf 88' lang='lat' dir='ltr'>recte</span> <span class='ocrx_word' id='word_1_164' title='bbox 1124 2737 1133 2782; x_wconf 91' lang='lat'>;</span> <span class='ocrx_word' id='word_1_165' title='bbox 1148 2719 1182 2772; x_wconf 88' lang='lat' dir='ltr'>cf.</span> <span class='ocrx_word' id='word_1_166' title='bbox 1196 2739 1242 2774; x_wconf 88' lang='lat' dir='ltr'>su-</span> 
     </span>
     <span class='ocr_line' id='line_1_22' title="bbox 167 2796 1240 2876; baseline -0.006 -19"><span class='ocrx_word' id='word_1_167' title='bbox 167 2803 315 2876; x_wconf 83' lang='lat' dir='ltr'>suspicatur</span> <span class='ocrx_word' id='word_1_168' title='bbox 323 2818 355 2852; x_wconf 89' lang='lat' dir='ltr'>ex</span> <span class='ocrx_word' id='word_1_169' title='bbox 362 2799 412 2850; x_wconf 81' lang='lat' dir='ltr'>elio</span> <span class='ocrx_word' id='word_1_170' title='bbox 421 2815 428 2850; x_wconf 93' lang='lat'><strong>:</strong></span> <span class='ocrx_word' id='word_1_171' title='bbox 437 2817 530 2852; x_wconf 89' lang='lat' dir='ltr'>verum</span> <span class='ocrx_word' id='word_1_172' title='bbox 540 2797 593 2850; x_wconf 89' lang='lat' dir='ltr'>hoc</span> <span class='ocrx_word' id='word_1_173' title='bbox 602 2798 680 2852; x_wconf 83' lang='lat' dir='ltr'>celat.</span> <span class='ocrx_word' id='word_1_174' title='bbox 724 2813 774 2866; x_wconf 82' lang='lat' dir='ltr'>pre</span> <span class='ocrx_word' id='word_1_175' title='bbox 782 2813 819 2848; x_wconf 85' lang='lat' dir='ltr'>vs.</span> <span class='ocrx_word' id='word_1_176' title='bbox 829 2796 969 2867; x_wconf 79' lang='lat' dir='ltr'>219·Vulg·</span> <span class='ocrx_word' id='word_1_177' title='bbox 977 2800 1158 2850; x_wconf 64' lang='lat' dir='ltr'>illm—Sciens.</span> <span class='ocrx_word' id='word_1_178' title='bbox 1165 2799 1240 2851; x_wconf 78' lang='lat' dir='ltr'>Bona</span> 
     </span>
     <span class='ocr_line' id='line_1_23' title="bbox 166 2874 1241 2953; baseline -0.003 -20"><span class='ocrx_word' id='word_1_179' title='bbox 166 2885 269 2953; x_wconf 69' lang='lat' dir='ltr'>(Euge.)</span> <span class='ocrx_word' id='word_1_180' title='bbox 278 2881 309 2930; x_wconf 88' lang='lat' dir='ltr'>In</span> <span class='ocrx_word' id='word_1_181' title='bbox 318 2879 370 2930; x_wconf 85' lang='lat' dir='ltr'>hac</span> <span class='ocrx_word' id='word_1_182' title='bbox 378 2895 441 2948; x_wconf 81' lang='lat' dir='ltr'>ergo</span> <span class='ocrx_word' id='word_1_183' title='bbox 451 2895 528 2928; x_wconf 86' lang='lat' dir='ltr'>scena</span> <span class='ocrx_word' id='word_1_184' title='bbox 538 2877 681 2947; x_wconf 81' lang='lat' dir='ltr'>velutque·</span> <span class='ocrx_word' id='word_1_185' title='bbox 725 2874 844 2945; x_wconf 79' lang='lat' dir='ltr'>exceptio</span> <span class='ocrx_word' id='word_1_186' title='bbox 864 2893 871 2927; x_wconf 90' lang='lat'>:</span> <span class='ocrx_word' id='word_1_187' title='bbox 888 2875 952 2946; x_wconf 87' lang='lat' dir='ltr'>quia</span> <span class='ocrx_word' id='word_1_188' title='bbox 966 2894 1107 2947; x_wconf 85' lang='lat' dir='ltr'>possumus</span> <span class='ocrx_word' id='word_1_189' title='bbox 1123 2878 1241 2950; x_wconf 79' lang='lat' dir='ltr'>aliquem</span> 
     </span>
     <span class='ocr_line' id='line_1_24' title="bbox 166 2953 1240 3028; baseline -0.002 -14"><span class='ocrx_word' id='word_1_190' title='bbox 166 2963 226 3014; x_wconf 83' lang='lat' dir='ltr'>litus</span> <span class='ocrx_word' id='word_1_191' title='bbox 236 2955 376 3028; x_wconf 85' lang='lat' dir='ltr'>negotialis</span> <span class='ocrx_word' id='word_1_192' title='bbox 389 2957 417 3006; x_wconf 93' lang='lat' dir='ltr'>in</span> <span class='ocrx_word' id='word_1_193' title='bbox 427 2953 634 3025; x_wconf 81' lang='lat' dir='ltr'>disputationem</span> <span class='ocrx_word' id='word_1_194' title='bbox 641 2973 682 3008; x_wconf 71' lang='lat' dir='ltr'>ve·</span> <span class='ocrx_word' id='word_1_195' title='bbox 725 2953 869 3006; x_wconf 88' lang='lat' dir='ltr'>inscienter</span> <span class='ocrx_word' id='word_1_196' title='bbox 881 2953 992 3021; x_wconf 71' lang='lat' dir='ltr'>ledere3</span> <span class='ocrx_word' id='word_1_197' title='bbox 1006 2975 1067 3028; x_wconf 69' lang='lat' dir='ltr'>qua</span> <span class='ocrx_word' id='word_1_198' title='bbox 1080 2977 1123 3011; x_wconf 88' lang='lat' dir='ltr'>res</span> <span class='ocrx_word' id='word_1_199' title='bbox 1141 2958 1175 3011; x_wconf 76' lang='lat' dir='ltr'>od</span> <span class='ocrx_word' id='word_1_200' title='bbox 1196 2959 1240 3014; x_wconf 74' lang='lat' dir='ltr'>&#39;ve-</span> 
     </span>
     <span class='ocr_line' id='line_1_25' title="bbox 166 3031 1022 3106; baseline -0.006 -13"><span class='ocrx_word' id='word_1_201' title='bbox 166 3041 207 3094; x_wconf 88' lang='lat' dir='ltr'>nit</span> <span class='ocrx_word' id='word_1_202' title='bbox 218 3059 225 3092; x_wconf 75' lang='grc' dir='ltr'><strong>ε</strong></span> <span class='ocrx_word' id='word_1_203' title='bbox 236 3041 372 3104; x_wconf 82' lang='lat' dir='ltr'>justumne</span> <span class='ocrx_word' id='word_1_204' title='bbox 390 3034 422 3086; x_wconf 91' lang='lat' dir='ltr'>sit</span> <span class='ocrx_word' id='word_1_205' title='bbox 435 3031 569 3104; x_wconf 82' lang='lat' dir='ltr'>repudiari</span> <span class='ocrx_word' id='word_1_206' title='bbox 588 3035 682 3104; x_wconf 83' lang='lat' dir='ltr'>conju·</span> <span class='ocrx_word' id='word_1_207' title='bbox 725 3034 799 3086; x_wconf 87' lang='lat' dir='ltr'>niam</span> <span class='ocrx_word' id='word_1_208' title='bbox 813 3035 939 3106; x_wconf 88' lang='lat' dir='ltr'>pertinet.</span> <span class='ocrx_word' id='word_1_209' title='bbox 955 3041 1022 3088; x_wconf 86' lang='lat' dir='ltr'>Don.</span> 
     </span>
     <span class='ocr_line' id='line_1_26' title="bbox 167 3111 1242 3192; baseline -0.003 -18"><span class='ocrx_word' id='word_1_210' title='bbox 167 3139 228 3192; x_wconf 85' lang='lat' dir='ltr'>gem</span> <span class='ocrx_word' id='word_1_211' title='bbox 240 3135 319 3171; x_wconf 83' lang='lat' dir='ltr'>cause</span> <span class='ocrx_word' id='word_1_212' title='bbox 334 3113 441 3180; x_wconf 84' lang='lat' dir='ltr'>matris,</span> <span class='ocrx_word' id='word_1_213' title='bbox 452 3123 478 3164; x_wconf 93' lang='lat' dir='ltr'>et</span> <span class='ocrx_word' id='word_1_214' title='bbox 488 3111 599 3164; x_wconf 87' lang='lat' dir='ltr'>omnino</span> <span class='ocrx_word' id='word_1_215' title='bbox 617 3111 681 3184; x_wconf 86' lang='lat' dir='ltr'>quid</span> <span class='ocrx_word' id='word_1_216' title='bbox 762 3113 822 3166; x_wconf 86' lang='lat'>581.</span> <span class='ocrx_word' id='word_1_217' title='bbox 838 3121 926 3182; x_wconf 84' lang='lat' dir='ltr'>Quam.</span> <span class='ocrx_word' id='word_1_218' title='bbox 938 3117 985 3168; x_wconf 91' lang='lat' dir='ltr'>Be.</span> <span class='ocrx_word' id='word_1_219' title='bbox 1001 3135 1032 3168; x_wconf 88' lang='lat' dir='ltr'>ex</span> <span class='ocrx_word' id='word_1_220' title='bbox 1043 3127 1104 3170; x_wconf 83' lang='lat' dir='ltr'>vett.</span> <span class='ocrx_word' id='word_1_221' title='bbox 1116 3123 1185 3186; x_wconf 78' lang='lat' dir='ltr'>quod</span> <span class='ocrx_word' id='word_1_222' title='bbox 1192 3137 1242 3190; x_wconf 87' lang='lat' dir='ltr'>pro</span> 
     </span>
     <span class='ocr_line' id='line_1_27' title="bbox 168 3190 1242 3264; baseline -0.003 -11"><span class='ocrx_word' id='word_1_223' title='bbox 168 3199 228 3253; x_wconf 81' lang='lat' dir='ltr'>fieri</span> <span class='ocrx_word' id='word_1_224' title='bbox 240 3197 344 3250; x_wconf 80' lang='lat' dir='ltr'>debeat.</span> <span class='ocrx_word' id='word_1_225' title='bbox 359 3199 423 3244; x_wconf 81' lang='lat' dir='ltr'>Don.</span> <span class='ocrx_word' id='word_1_226' title='bbox 447 3230 453 3237; x_wconf 34' lang='lat' dir='ltr'>f·</span> <span class='ocrx_word' id='word_1_227' title='bbox 708 3190 711 3199; x_wconf 57' lang='lat'><strong>¹</strong></span> <span class='ocrx_word' id='word_1_228' title='bbox 726 3211 808 3258; x_wconf 83' lang='lat' dir='ltr'>quom.</span> <span class='ocrx_word' id='word_1_229' title='bbox 817 3221 853 3232; x_wconf 81' lang='lat'>—</span> <span class='ocrx_word' id='word_1_230' title='bbox 865 3199 924 3260; x_wconf 85' lang='lat' dir='ltr'>Teq.</span> <span class='ocrx_word' id='word_1_231' title='bbox 934 3209 992 3246; x_wconf 84' lang='lat' dir='ltr'>ante</span> <span class='ocrx_word' id='word_1_232' title='bbox 1005 3215 1089 3264; x_wconf 85' lang='lat' dir='ltr'>quam,</span> <span class='ocrx_word' id='word_1_233' title='bbox 1103 3209 1152 3250; x_wconf 83' lang='lat' dir='ltr'>etc.</span> <span class='ocrx_word' id='word_1_234' title='bbox 1166 3197 1242 3250; x_wconf 91' lang='lat' dir='ltr'>Ordo</span> 
     </span>
    </p>

    <p class='ocr_par' dir='ltr' id='par_1_7' title="bbox 167 3271 1244 3664">
     <span class='ocr_line' id='line_1_28' title="bbox 205 3271 1242 3349; baseline 0.003 -22"><span class='ocrx_word' id='word_1_235' title='bbox 205 3279 265 3349; x_wconf 78' lang='lat'><em>577.</em></span> <span class='ocrx_word' id='word_1_236' title='bbox 280 3280 362 3327; x_wconf 80' lang='lat' dir='ltr'>Gnate</span> <span class='ocrx_word' id='word_1_237' title='bbox 376 3276 417 3324; x_wconf 82' lang='lat' dir='ltr'>mi.</span> <span class='ocrx_word' id='word_1_238' title='bbox 429 3271 487 3323; x_wconf 91' lang='lat' dir='ltr'>Lib.</span> <span class='ocrx_word' id='word_1_239' title='bbox 496 3281 551 3323; x_wconf 83' lang='lat' dir='ltr'>ant.</span> <span class='ocrx_word' id='word_1_240' title='bbox 559 3273 681 3340; x_wconf 71' lang='lat' dir='ltr'>mignate.</span> <span class='ocrx_word' id='word_1_241' title='bbox 726 3283 752 3323; x_wconf 92' lang='lat' dir='ltr'>et</span> <span class='ocrx_word' id='word_1_242' title='bbox 769 3290 859 3325; x_wconf 87' lang='lat' dir='ltr'>sensus</span> <span class='ocrx_word' id='word_1_243' title='bbox 877 3271 922 3326; x_wconf 88' lang='lat' dir='ltr'>hic</span> <span class='ocrx_word' id='word_1_244' title='bbox 936 3288 991 3339; x_wconf 89' lang='lat' dir='ltr'>est,</span> <span class='ocrx_word' id='word_1_245' title='bbox 1013 3293 1029 3322; x_wconf 67' lang='grc' dir='ltr'>ἰ</span> <span class='ocrx_word' id='word_1_246' title='bbox 1042 3287 1069 3328; x_wconf 89' lang='lat' dir='ltr'>et</span> <span class='ocrx_word' id='word_1_247' title='bbox 1085 3275 1160 3347; x_wconf 87' lang='lat' dir='ltr'>quod</span> <span class='ocrx_word' id='word_1_248' title='bbox 1180 3291 1242 3330; x_wconf 89' lang='lat' dir='ltr'>ante</span> 
     </span>
     <span class='ocr_line' id='line_1_29' title="bbox 167 3349 1241 3418; baseline -0.002 -8"><span class='ocrx_word' id='word_1_249' title='bbox 167 3361 234 3410; x_wconf 80' lang='lat' dir='ltr'>Dec.</span> <span class='ocrx_word' id='word_1_250' title='bbox 247 3355 293 3408; x_wconf 89' lang='lat' dir='ltr'>hic</span> <span class='ocrx_word' id='word_1_251' title='bbox 313 3354 422 3408; x_wconf 90' lang='lat' dir='ltr'>demum</span> <span class='ocrx_word' id='word_1_252' title='bbox 436 3351 497 3404; x_wconf 82' lang='lat' dir='ltr'>fucit</span> <span class='ocrx_word' id='word_1_253' title='bbox 511 3349 618 3404; x_wconf 90' lang='lat' dir='ltr'>initium</span> <span class='ocrx_word' id='word_1_254' title='bbox 632 3361 681 3404; x_wconf 81' lang='lat' dir='ltr'>act.</span> <span class='ocrx_word' id='word_1_255' title='bbox 726 3351 818 3418; x_wconf 78' lang='lat' dir='ltr'>rebar,</span> <span class='ocrx_word' id='word_1_256' title='bbox 833 3352 857 3405; x_wconf 89' lang='lat' dir='ltr'>ei</span> <span class='ocrx_word' id='word_1_257' title='bbox 868 3355 908 3406; x_wconf 93' lang='lat' dir='ltr'>rei</span> <span class='ocrx_word' id='word_1_258' title='bbox 917 3355 1029 3408; x_wconf 77' lang='lat' dir='ltr'>firmasti</span> <span class='ocrx_word' id='word_1_259' title='bbox 1039 3354 1122 3408; x_wconf 88' lang='lat' dir='ltr'>fidem</span> <span class='ocrx_word' id='word_1_260' title='bbox 1135 3375 1241 3410; x_wconf 82' lang='lat' dir='ltr'>meam:</span> 
     </span>
     <span class='ocr_line' id='line_1_30' title="bbox 167 3429 1242 3508; baseline 0 -19"><span class='ocrx_word' id='word_1_261' title='bbox 167 3438 369 3508; x_wconf 82' lang='lat' dir='ltr'>IV,proptereu</span> <span class='ocrx_word' id='word_1_262' title='bbox 381 3429 455 3502; x_wconf 89' lang='lat' dir='ltr'>quod</span> <span class='ocrx_word' id='word_1_263' title='bbox 464 3447 543 3486; x_wconf 75' lang='lat' dir='ltr'>scena</span> <span class='ocrx_word' id='word_1_264' title='bbox 555 3429 683 3482; x_wconf 74' lang='lat' dir='ltr'>recussit</span> <span class='ocrx_word' id='word_1_265' title='bbox 726 3450 814 3504; x_wconf 88' lang='lat' dir='ltr'>neque</span> <span class='ocrx_word' id='word_1_266' title='bbox 820 3451 863 3485; x_wconf 87' lang='lat' dir='ltr'>me</span> <span class='ocrx_word' id='word_1_267' title='bbox 875 3433 983 3498; x_wconf 79' lang='lat' dir='ltr'>fefellit,</span> <span class='ocrx_word' id='word_1_268' title='bbox 996 3434 1071 3507; x_wconf 90' lang='lat' dir='ltr'>quod</span> <span class='ocrx_word' id='word_1_269' title='bbox 1083 3437 1242 3500; x_wconf 75' lang='lat' dir='ltr'>antecebat,</span> 
     </span>
     <span class='ocr_line' id='line_1_31' title="bbox 167 3510 1244 3587; baseline 0 -19"><span class='ocrx_word' id='word_1_270' title='bbox 167 3535 184 3568; x_wconf 80' lang='lat' dir='ltr'><strong>a</strong></span> <span class='ocrx_word' id='word_1_271' title='bbox 200 3512 425 3587; x_wconf 70' lang='lat' dir='ltr'>personis-Tibi</span> <span class='ocrx_word' id='word_1_272' title='bbox 436 3529 475 3561; x_wconf 82' lang='lat' dir='ltr'>me</span> <span class='ocrx_word' id='word_1_273' title='bbox 483 3529 533 3560; x_wconf 86' lang='lat' dir='ltr'>esse</span> <span class='ocrx_word' id='word_1_274' title='bbox 543 3530 609 3579; x_wconf 81' lang='lat' dir='ltr'>susp.</span> <span class='ocrx_word' id='word_1_275' title='bbox 622 3510 644 3562; x_wconf 90' lang='grc' dir='ltr'>Ι.</span> <span class='ocrx_word' id='word_1_276' title='bbox 656 3528 679 3563; x_wconf 88' lang='lat' dir='ltr'>e.</span> <span class='ocrx_word' id='word_1_277' title='bbox 726 3529 803 3564; x_wconf 88' lang='lat' dir='ltr'>mea</span> <span class='ocrx_word' id='word_1_278' title='bbox 828 3523 854 3564; x_wconf 89' lang='lat' dir='ltr'>te</span> <span class='ocrx_word' id='word_1_279' title='bbox 869 3514 970 3581; x_wconf 78' lang='lat' dir='ltr'>arnari3</span> <span class='ocrx_word' id='word_1_280' title='bbox 989 3533 1050 3567; x_wconf 85' lang='lat' dir='ltr'>nem</span> <span class='ocrx_word' id='word_1_281' title='bbox 1069 3513 1099 3567; x_wconf 76' lang='lat' dir='ltr'>ei&#39;</span> <span class='ocrx_word' id='word_1_282' title='bbox 1110 3515 1150 3568; x_wconf 89' lang='lat' dir='ltr'>rei</span> <span class='ocrx_word' id='word_1_283' title='bbox 1162 3515 1244 3569; x_wconf 90' lang='lat' dir='ltr'>hodie</span> 
     </span>
     <span class='ocr_line' id='line_1_32' title="bbox 167 3587 1244 3664; baseline 0.002 -17"><span class='ocrx_word' id='word_1_284' title='bbox 167 3614 211 3648; x_wconf 90' lang='lat' dir='ltr'>me</span> <span class='ocrx_word' id='word_1_285' title='bbox 222 3595 250 3646; x_wconf 92' lang='lat' dir='ltr'>in</span> <span class='ocrx_word' id='word_1_286' title='bbox 261 3591 437 3664; x_wconf 86' lang='lat' dir='ltr'>suspicionem</span> <span class='ocrx_word' id='word_1_287' title='bbox 452 3587 564 3643; x_wconf 79' lang='lat' dir='ltr'>venisse.</span> <span class='ocrx_word' id='word_1_288' title='bbox 723 3590 834 3644; x_wconf 82' lang='lat' dir='ltr'>firmasti</span> <span class='ocrx_word' id='word_1_289' title='bbox 843 3589 940 3658; x_wconf 83' lang='lat' dir='ltr'>fidem,</span> <span class='ocrx_word' id='word_1_290' title='bbox 951 3589 1000 3646; x_wconf 53' lang='lat' dir='ltr'>ise.</span> <span class='ocrx_word' id='word_1_291' title='bbox 1013 3593 1195 3664; x_wconf 82' lang='lat' dir='ltr'>probationem</span> <span class='ocrx_word' id='word_1_292' title='bbox 1206 3607 1244 3649; x_wconf 84' lang='lat' dir='ltr'>at-</span> 
     </span>
    </p>

    <p class='ocr_par' dir='ltr' id='par_1_8' title="bbox 164 3669 1247 4124">
     <span class='ocr_line' id='line_1_33' title="bbox 204 3669 1246 3746; baseline 0.005 -24"><span class='ocrx_word' id='word_1_293' title='bbox 204 3674 264 3745; x_wconf 87' lang='lat'><strong>578.</strong></span> <span class='ocrx_word' id='word_1_294' title='bbox 275 3679 357 3739; x_wconf 86' lang='lat' dir='ltr'>Propt.</span> <span class='ocrx_word' id='word_1_295' title='bbox 375 3687 440 3720; x_wconf 83' lang='lat' dir='ltr'>meos</span> <span class='ocrx_word' id='word_1_296' title='bbox 452 3686 545 3730; x_wconf 83' lang='lat' dir='ltr'>mores,</span> <span class='ocrx_word' id='word_1_297' title='bbox 561 3687 641 3741; x_wconf 89' lang='lat' dir='ltr'>supp.</span> <span class='ocrx_word' id='word_1_298' title='bbox 656 3669 679 3722; x_wconf 88' lang='lat' dir='ltr'>si</span> <span class='ocrx_word' id='word_1_299' title='bbox 724 3669 814 3722; x_wconf 88' lang='lat' dir='ltr'>tulisti.</span> <span class='ocrx_word' id='word_1_300' title='bbox 823 3677 1044 3739; x_wconf 56' lang='lat' dir='ltr'>»Dore-Quam,</span> <span class='ocrx_word' id='word_1_301' title='bbox 1056 3674 1246 3746; x_wconf 86' lang='lat' dir='ltr'>accipiendum</span> 
     </span>
     <span class='ocr_line' id='line_1_34' title="bbox 165 3744 1245 3820; baseline 0.005 -16"><span class='ocrx_word' id='word_1_302' title='bbox 165 3753 238 3813; x_wconf 80' lang='lat' dir='ltr'>libet,</span> <span class='ocrx_word' id='word_1_303' title='bbox 248 3751 359 3804; x_wconf 82' lang='lat' dir='ltr'>forsitan</span> <span class='ocrx_word' id='word_1_304' title='bbox 374 3744 543 3820; x_wconf 78' lang='lat' dir='ltr'>injucundos.</span> <span class='ocrx_word' id='word_1_305' title='bbox 559 3753 680 3800; x_wconf 78' lang='lat' dir='ltr'>-Mores</span> <span class='ocrx_word' id='word_1_306' title='bbox 724 3760 764 3801; x_wconf 90' lang='lat' dir='ltr'>est</span> <span class='ocrx_word' id='word_1_307' title='bbox 772 3767 823 3819; x_wconf 95' lang='lat' dir='ltr'>pro</span> <span class='ocrx_word' id='word_1_308' title='bbox 833 3756 960 3816; x_wconf 79' lang='lat' dir='ltr'>quantum.</span> <span class='ocrx_word' id='word_1_309' title='bbox 970 3752 1147 3806; x_wconf 81' lang='lat' dir='ltr'>Obscuritatis</span> <span class='ocrx_word' id='word_1_310' title='bbox 1160 3773 1245 3809; x_wconf 82' lang='lat' dir='ltr'>causa</span> 
     </span>
     <span class='ocr_line' id='line_1_35' title="bbox 164 3825 1247 3904; baseline 0 -19"><span class='ocrx_word' id='word_1_311' title='bbox 164 3843 255 3885; x_wconf 78' lang='lat' dir='ltr'>entem</span> <span class='ocrx_word' id='word_1_312' title='bbox 272 3829 378 3901; x_wconf 84' lang='lat' dir='ltr'>proprie</span> <span class='ocrx_word' id='word_1_313' title='bbox 407 3843 501 3880; x_wconf 89' lang='lat' dir='ltr'>senum</span> <span class='ocrx_word' id='word_1_314' title='bbox 534 3825 678 3880; x_wconf 88' lang='lat' dir='ltr'>dicuntur:</span> <span class='ocrx_word' id='word_1_315' title='bbox 726 3827 800 3880; x_wconf 88' lang='lat' dir='ltr'>hunc</span> <span class='ocrx_word' id='word_1_316' title='bbox 818 3847 925 3882; x_wconf 81' lang='lat' dir='ltr'>versum</span> <span class='ocrx_word' id='word_1_317' title='bbox 946 3831 1022 3902; x_wconf 88' lang='lat' dir='ltr'>ejecit</span> <span class='ocrx_word' id='word_1_318' title='bbox 1043 3831 1173 3904; x_wconf 85' lang='lat' dir='ltr'>Guyetus.</span> <span class='ocrx_word' id='word_1_319' title='bbox 1187 3834 1247 3886; x_wconf 79' lang='lat' dir='ltr'>Boe-</span> 
     </span>
     <span class='ocr_line' id='line_1_36' title="bbox 168 3905 1245 3984; baseline 0.003 -20"><span class='ocrx_word' id='word_1_320' title='bbox 168 3909 241 3964; x_wconf 85' lang='lat' dir='ltr'>unde</span> <span class='ocrx_word' id='word_1_321' title='bbox 252 3918 372 3961; x_wconf 87' lang='lat' dir='ltr'>senectus</span> <span class='ocrx_word' id='word_1_322' title='bbox 384 3925 494 3958; x_wconf 82' lang='lat' dir='ltr'>morosa.</span> <span class='ocrx_word' id='word_1_323' title='bbox 506 3905 577 3958; x_wconf 88' lang='lat' dir='ltr'>Don.</span> <span class='ocrx_word' id='word_1_324' title='bbox 588 3935 624 3946; x_wconf 58' lang='grc' dir='ltr'>υ</span> <span class='ocrx_word' id='word_1_325' title='bbox 635 3911 683 3958; x_wconf 84' lang='lat' dir='ltr'>tta.</span> <span class='ocrx_word' id='word_1_326' title='bbox 727 3909 814 3962; x_wconf 89' lang='lat' dir='ltr'>clerus</span> <span class='ocrx_word' id='word_1_327' title='bbox 826 3906 923 3962; x_wconf 87' lang='lat' dir='ltr'>duram</span> <span class='ocrx_word' id='word_1_328' title='bbox 942 3909 1105 3964; x_wconf 88' lang='lat' dir='ltr'>locutionem</span> <span class='ocrx_word' id='word_1_329' title='bbox 1122 3931 1245 3984; x_wconf 88' lang='lat' dir='ltr'>pronun·</span> 
     </span>
     <span class='ocr_line' id='line_1_37' title="bbox 167 3985 1247 4062; baseline 0.003 -20"><span class='ocrx_word' id='word_1_330' title='bbox 167 3991 270 4043; x_wconf 88' lang='lat' dir='ltr'>Neutro</span> <span class='ocrx_word' id='word_1_331' title='bbox 279 4004 376 4057; x_wconf 79' lang='lat' dir='ltr'>genere</span> <span class='ocrx_word' id='word_1_332' title='bbox 389 3985 473 4038; x_wconf 90' lang='lat' dir='ltr'>utitur</span> <span class='ocrx_word' id='word_1_333' title='bbox 482 4001 546 4056; x_wconf 91' lang='lat' dir='ltr'>pro,</span> <span class='ocrx_word' id='word_1_334' title='bbox 555 4003 609 4035; x_wconf 81' lang='lat' dir='ltr'>eam</span> <span class='ocrx_word' id='word_1_335' title='bbox 623 4005 681 4038; x_wconf 86' lang='lat' dir='ltr'>rem.</span> <span class='ocrx_word' id='word_1_336' title='bbox 727 3986 786 4052; x_wconf 71' lang='lat' dir='ltr'>tint,</span> <span class='ocrx_word' id='word_1_337' title='bbox 795 3987 836 4039; x_wconf 89' lang='lat' dir='ltr'>vel</span> <span class='ocrx_word' id='word_1_338' title='bbox 849 3999 987 4060; x_wconf 80' lang='lat' dir='ltr'>postquem</span> <span class='ocrx_word' id='word_1_339' title='bbox 999 3991 1035 4044; x_wconf 87' lang='lat' dir='ltr'>ita</span> <span class='ocrx_word' id='word_1_340' title='bbox 1048 3989 1182 4062; x_wconf 84' lang='lat' dir='ltr'>expedi&#39;rit</span> <span class='ocrx_word' id='word_1_341' title='bbox 1192 3993 1247 4045; x_wconf 91' lang='lat' dir='ltr'>Do·</span> 
     </span>
     <span class='ocr_line' id='line_1_38' title="bbox 169 4062 1163 4124; baseline 0.012 -12"><span class='ocrx_word' id='word_1_342' title='bbox 169 4101 205 4112; x_wconf 91' lang='lat'>..</span> <span class='ocrx_word' id='word_1_343' title='bbox 217 4069 370 4120; x_wconf 69' lang='lat' dir='ltr'>Dissunules.</span> <span class='ocrx_word' id='word_1_344' title='bbox 388 4065 491 4116; x_wconf 86' lang='lat' dir='ltr'>Bonum</span> <span class='ocrx_word' id='word_1_345' title='bbox 501 4075 528 4116; x_wconf 87' lang='lat' dir='ltr'>et</span> <span class='ocrx_word' id='word_1_346' title='bbox 541 4062 682 4116; x_wconf 88' lang='lat' dir='ltr'>honestum</span> <span class='ocrx_word' id='word_1_347' title='bbox 727 4077 815 4118; x_wconf 84' lang='lat' dir='ltr'>natus.</span> <span class='ocrx_word' id='word_1_348' title='bbox 826 4065 887 4118; x_wconf 89' lang='lat' dir='ltr'>Non</span> <span class='ocrx_word' id='word_1_349' title='bbox 902 4067 937 4120; x_wconf 83' lang='lat' dir='ltr'>ita</span> <span class='ocrx_word' id='word_1_350' title='bbox 955 4069 1037 4122; x_wconf 85' lang='lat' dir='ltr'>Nobis</span> <span class='ocrx_word' id='word_1_351' title='bbox 1048 4069 1163 4124; x_wconf 83' lang='lat' dir='ltr'>videtur.</span> 
     </span>
    </p>
   </div>
   <div class='ocr_carea' id='block_1_5' title="bbox 0 0 1399 4782">
    <p class='ocr_par' dir='ltr' id='par_1_9' title="bbox 0 0 1399 4782">
     <span class='ocr_line' id='line_1_39' title="bbox 0 0 1399 4782; baseline 0 0"><span class='ocrx_word' id='word_1_352' title='bbox 0 0 1399 4782; x_wconf 95' lang='lat' dir='ltr'> </span> 
     </span>
    </p>
   </div>
  </div>
 </body>
</html>
