2834 4788
310 387 670 466 insensior.
698 357 784 476 ni,
810 389 879 456 se.
907 391 958 456 11.
1110 385 1158 483 59
1234 377 1238 389 ’

95 523 267 603 Fateatur,
282 541 384 610 quum
398 533 488 588 emet
504 517 619 602 aliem,
641 543 710 587 non
724 533 774 588 est
790 519 870 588 utile
886 519 973 588 hanc
985 518 1030 587 illi
1041 503 1137 588 daris

94 627 311 718 Quapropter
336 650 470 718 quoquo
491 640 590 718 pecto
612 625 711 698 tacito
731 629 771 693 'st
791 649 885 718 opus.
911 629 987 694 Sos.
1003 627 1072 713 Ah,
1094 628 1160 694 mi-

254 755 355 802 nume
370 732 533 824 gentium3
1008 789 1011 828 3

95 838 174 906 Non
187 835 317 904 faciam.
334 839 419 905 Ger.
435 837 524 924 Quid
537 835 604 904 ais?
616 839 690 907 Sos.
703 836 885 905 Proferam.
896 840 961 906 Cn.
973 841 1075 923 Hem,
1086 861 1161 904 mea

255 943 420 1028 Sostrata,
431 943 508 1038 ride
519 967 619 1036 quam
631 968 699 1010 rein
715 967 804 1036 agas.

95 1051 169 1118 Sos.
190 1047 307 1140 Pejore
328 1073 380 1117 res
401 1047 475 1118 loco
494 1073 563 1117 non
580 1063 789 1145 potestesse,
811 1071 911 1141 quarn
929 1049 963 1115 in
981 1074 1047 1142 quo
1070 1069 1160 1116 nunc

256 1154 316 1220 sita
336 1142 385 1222 'st
588 1197 589 1202 κ
890 1177 891 1184 “
1121 1177 1161 1223 sss

96 1260 245 1332 Primum
267 1259 417 1328 indotata
428 1274 497 1346 est3
515 1274 586 1330 tum
607 1275 782 1355 praeterea,
801 1285 874 1353 quae
889 1259 1033 1332 secunda
1056 1261 1086 1328 ei
1103 1260 1165 1328 dos
1202 1333 1205 1350 q

257 1379 348 1450 erat,
784 1447 790 1458 Ι

96 1471 219 1539 Periit:
235 1496 298 1564 pro
310 1472 439 1566 virgine
454 1471 525 1538 dari
539 1487 680 1568 nuptum
698 1497 767 1540 non
781 1485 898 1565 potest.
912 1475 987 1540 Hoc
1001 1469 1165 1564 reliquum

258 1591 324 1663 est3

98 1683 130 1749 Si
142 1681 264 1750 infitias
283 1682 360 1765 ibit,
381 1683 473 1750 testis
489 1707 620 1752 mecum
639 1697 689 1752 est
706 1681 861 1770 annuluS,
883 1707 981 1774 quern
996 1684 1065 1775 ipse
1083 1683 1164 1748 ami·

256 1803 352 1856 serat.

98 1895 269 1960 Postremo
281 1891 415 1986 quando
426 1917 489 1986 ego
501 1892 583 1962 mihi
595 1915 668 1963 sum
683 1881 832 1979 conscia,
848 1915 934 1960 arne
949 1891 1082 1987 errlpnm
1095 1915 1166 1962 esse

253 1999 343 2066 hane
361 1998 497 2092 procul,

100 2102 216 2198 Neque
229 2106 394 2199 pretium,
413 2129 520 2198 neque
536 2129 608 2172 rem
621 2106 843 2174 intercessisse
861 2102 919 2173 illa
931 2119 989 2174 aut
1007 2131 1061 2174 me
1079 2105 1165 2174 indi-

255 2234 374 2304 gnam,
397 2212 498 2298 Geta,
1125 2232 1164 2282 ³5.

137 2419 201 2482 342.
212 2419 294 2472 Amet.
305 2421 360 2472 Ien.
371 2419 564 2474 amat—Dari.
575 2421 605 2475 C.
652 2421 716 2474 tiam
730 2432 756 2474 et
767 2419 910 2492 pudorem,
924 2433 950 2474 et
960 2419 1077 2474 sedatam
1089 2421 1165 2492 cupi·

100 2493 131 2550 G.
146 2515 182 2551 m.
194 2499 261 2551 dare.
270 2489 326 2552 Sed
339 2520 352 2550 e
368 2501 395 2552 in
409 2499 463 2552 fine
476 2513 609 2553 mutatum
652 2499 757 2564 dinem,
776 2513 825 2554 ete.
845 2527 856 2548 a
874 2497 982 2553 Farnab.

100 2591 206 2648 apparet
223 2597 238 2630 a
255 2599 337 2632 manu
353 2579 484 2650 imperita.
505 2575 608 2632 Eadem
694 2579 758 2650 347.
771 2579 821 2630 Pro
835 2583 932 2649 virgine
946 2582 1009 2632 dari.
1027 2579 1108 2632 Both.
1120 2581 1164 2631 in·

99 2655 160 2709 leet.
173 2667 212 2709 est
229 2658 324 2712 Bruns.
340 2658 407 2712 cod.
425 2689 465 2698 -
480 2659 608 2710 Fateatur.
652 2659 748 2722 vertit,
759 2659 815 2710 dari
824 2679 871 2726 pro
886 2663 988 2727 virgine.
1004 2689 1043 2702 -
1054 2657 1110 2708 Hoc
1121 2679 1163 2708 re·

100 2735 135 2788 Se
155 2737 259 2790 vitiasse
280 2736 373 2791 filiam.
393 2738 535 2805 a-Hane
563 2737 608 2789 So·
654 2739 742 2808 liquam
751 2749 794 2788 est.
804 2738 1005 2789 Pertinenthaee
1014 2736 1166 2808 adsequen-

99 2828 183 2885 strate
194 2817 286 2871 filiam.
652 2817 690 2870 tia
700 2858 707 2880 ‚
718 2827 744 2868 et
754 2817 882 2868 annulum
897 2815 993 2870 innuit.

139 2893 388 2958 tremetossie.
405 2894 497 2949 Plures
512 2896 608 2948 vetusti
692 2897 759 2958 348.
779 2897 855 2965 Quem
870 2899 928 2966 ipse.
940 2895 1000 2950 Lib.
1012 2901 1094 2968 antiq.
1108 2915 1164 2948 non

98 2975 180 3029 celato.
205 3007 245 3019 -
269 2978 373 3048 Quoquo
392 2988 474 3046 paeto.
506 2976 607 3040 Qnovis
650 2976 730 3029 habet
756 2979 813 3046 ipse.
840 3005 879 3018 ——
908 2977 985 3028 Testis
1011 2997 1098 3027 meeum
1118 2989 1162 3029 est.

98 3054 176 3106 modo
189 3069 256 3126 agat.
273 3087 313 3098 -
327 3057 422 3109 Tacito.
435 3057 497 3108 Scil.
508 3070 607 3128 utpar·
651 3056 741 3108 Meum
758 3055 875 3122 firmabit
889 3058 1076 3116 testimonium,
1090 3057 1165 3108 Pam-

99 3146 140 3198 tus
151 3147 278 3189 taceatur.
650 3135 752 3206 philam
771 3136 803 3186 ab
820 3135 946 3186 AEschino
961 3153 1015 3188 esse
1031 3135 1159 3189 vitiatam.

136 3215 201 3280 344.
218 3213 289 3284 Quid
301 3207 355 3266 ais?
368 3214 438 3278 Alii,
458 3211 607 3286 interqnos
651 3213 784 3284 —Quem
805 3218 924 3266 amiserat.
940 3213 1003 3278 Quo
1026 3231 1052 3266 se
1068 3215 1165 3286 spolie·

98 3292 175 3365 Valp.
200 3295 261 3367 quid
280 3297 356 3364 agis?
374 3293 527 3360 Bembinus,
551 3294 611 3366 qnid
652 3305 726 3346 vernt
742 3305 772 3346 ut
785 3293 928 3364 Pamphiles
943 3293 1026 3345 daret.

96 3367 173 3440 ages!²
695 3373 759 3442 349.
773 3373 838 3424 Mitt
850 3393 900 3424 sum
912 3376 1015 3424 conseia.
1031 3371 1084 3423 Alii
1094 3410 1101 3434 ,
1110 3391 1167 3423 eon·

134 3451 204 3514 343.
220 3454 317 3522 Pejore.
340 3449 391 3505 Ms.
413 3448 469 3507 Psi.
489 3453 517 3516 3,
539 3471 608 3523 prae-
653 3455 772 3504 sciamihi
791 3473 851 3505 snm.
870 3453 947 3505 Both.
964 3451 1059 3524 quando
1071 3456 1166 3502 conscia

95 3531 177 3584 mittit
192 3538 225 3584 in.
241 3555 282 3568 -
297 3531 355 3584 Non
366 3545 446 3601 potest
465 3552 522 3586 esse.
532 3531 608 3588 Both.
654 3530 864 3601 agn—Quande.
874 3529 1165 3602 Quoniam—Culpam

94 3610 150 3682 Bip.
165 3611 267 3683 Delph.
279 3614 344 3681 potis
360 3625 404 3663 ese.
619 3619 620 3622 ’
654 3613 725 3663 irene.
742 3611 808 3676 Quae
824 3621 924 3684 spectat
940 3611 973 3664 ad
984 3611 1114 3680 virginem
1123 3611 1165 3662 vi-

133 3689 203 3754 346.
211 3691 328 3744 Indvtata
337 3705 381 3744 est.
392 3689 492 3745 Probat
503 3689 606 3744 Sostra·
652 3692 752 3744 tiatam.

93 3782 117 3821 ta
129 3770 206 3823 illico
221 3783 300 3842 quern
314 3772 384 3824 malo
398 3773 451 3824 sint
468 3791 509 3824 res
528 3772 555 3822 in
569 3771 607 3824 lo·
692 3767 754 3823 350.
772 3771 857 3842 Neque
877 3791 925 3822 rem
948 3773 1110 3822 intercessisse.
1133 3767 1164 3822 C.

91 3867 131 3902 co.
145 3849 314 3902 -Secunrla
328 3851 381 3914 dos,
395 3852 494 3904 illibata
503 3849 606 3920 pudici·
651 3851 684 3904 G.
698 3869 735 3903 m.
752 3851 841 3913 ullam,
862 3863 923 3902 ante
946 3852 1107 3900 intercessisse.
1124 3882 1164 3891 —

17 3963 19 3990 s
92 3929 136 3982 tia.
152 3931 201 3983 sie
219 3931 302 3982 Plaut.
316 3929 413 4000 Amph.
422 3931 467 3994 ΙΙ,
485 3952 516 3990 2,
534 3948 603 3998 ²09²
650 3921 741 3982 ssltla
754 3943 806 3982 arse.
817 3931 875 3982 Par.
887 3951 914 4002 p.
928 3948 981 3980 var.
997 3930 1064 3980 illam
1073 3941 1161 3982 aretem.

17 4037 18 4064 i
92 4029 170 4062 «non
186 4027 239 4078 ego
258 4009 330 4062 illam
347 4009 436 4062 dotem
452 4009 518 4062 mihi
538 4007 608 4061 duco
654 4008 742 4061 Etiam
765 4011 797 4061 C.
812 4009 845 4062 G.
862 4027 897 4061 nr.
920 4009 1001 4060 habet
1015 4010 1093 4070 illam,
1113 4009 1158 4060 cui

91 4107 146 4140 esse
160 4105 227 4159 quae
240 4087 289 4141 dos
303 4087 408 4151 dicitur,
432 4087 483 4142 Sed
504 4088 618 4160 pudici·'
653 4087 860 4159 vocisubseript.
874 4090 952 4160 cuqrra.
965 4095 1005 4134 ὲ-
1018 4089 1171 4160 Neqnepre·'
