2834 4788
372 375 586 442 ADELPH.
615 374 727 472 chr.
755 376 791 460 Ι,
819 376 889 442 SC.
920 377 946 440 Ι.
1018 389 1024 400 ·
1147 397 1186 442 11

118 541 1193 564 §Ufflmmfflmfflmfflfflmmfflfflmmvfflmfflflm

355 843 957 952 merueramus,

412 1286 637 1378 SCENA
669 1288 903 1374 PRIMA.

561 1535 757 1612 Mimo*

121 1729 325 1850 Srousxl
346 1819 382 1838 ..
399 1815 409 1836 .
425 1797 494 1840 non
512 1772 608 1842 rediit
620 1769 684 1842 hac
699 1787 798 1842 nocte
813 1798 833 1842 a
847 1776 1141 1865 coenaAEschinus‚
1169 1806 1194 1844 ‚s
1219 1805 1221 1810 ·

119 1881 239 1973 Neque
258 1877 465 1948 servulorum
481 1880 654 1974 quisquam
665 1929 678 1964 r
689 1882 747 1974 qui
765 1880 943 1950 advorsum
961 1885 1077 1952 ierant.

119 1983 277 2056 Profecto
294 1986 360 2054 hoc
380 2009 459 2054 vere
478 1985 615 2054 dicunt:
632 1986 658 2054 si
678 1985 766 2056 absis
783 1989 931 2082 uspiam,

120 2094 191 2160 Aut
207 2091 265 2162 ubi
284 2093 310 2161 si
329 2116 453 2178 cesses,
469 2092 601 2160 evenire
619 2116 659 2160 ea
679 2095 781 2161 satius
800 2109 869 2180 est,
1116 2169 1117 2178 χ

120 2199 207 2287 Quae
228 2200 317 2266 inte
338 2223 424 2266 uxor
445 2198 542 2285 dicit,
563 2213 597 2266 et
616 2223 689 2294 quae
710 2200 874 2269 inanimo
896 2201 1022 2294 cogitat
1169 2231 1195 2270 a.

119 2309 230 2411 Irata?
245 2329 345 2398 quam
363 2303 418 2372 illa
439 2329 512 2398 quae
530 2319 683 2398 parentes
704 2307 862 2406 propitii.

160 2491 267 2552 'Micia
277 2499 332 2552 Alii
339 2499 458 2552 scribunt
464 2499 551 2562 Milia,
563 2498 636 2572 quod
723 2501 768 2554 28.
786 2462 888 2553 Dicunt.
901 2501 932 2554 C.
950 2499 985 2553 G.
995 2519 1032 2554 m.
1041 2519 1102 2572 sup.
1113 2503 1194 2574 scrip.

124 2577 362 2632 derivantamitis.
625 2633 626 2643 γ
679 2580 766 2648 vulgo.
781 2603 821 2614 ··-
834 2582 949 2647 Profecto
964 2581 1083 2632 houmere
1101 2581 1194 2634 dicuat.

164 2661 208 2712 26.
230 2657 335 2710 Stoma!
352 2657 461 2712 Sublata
473 2677 538 2712 voce
554 2659 637 2712 Micio
679 2660 696 2710 J
698 2677 766 2728 unge
776 2661 902 2728 profecto,
913 2677 975 2712 cum
989 2677 1046 2711 uere
1056 2680 1067 2722 ,·
1079 2662 1198 2712 ecdicum

121 2738 289 2791 Storaceme
311 2737 422 2792 servulis
442 2756 527 2790 unum
540 2751 636 2804 vocat3
655 2752 660 2758 “
679 2738 809 2807 intellige,
820 2758 870 2808 pro
878 2737 1125 2808 ‘salgamum—Si
1132 2739 1197 2791 absis
1290 2787 1293 2802 ,

121 2837 179 2888 quo
200 2837 255 2870 non
288 2815 483 2889 respondente,
514 2811 638 2888 intelligit
680 2818 891 2886 rupiam5autuhi
900 2822 1011 2871 sicessos.
1024 2817 1068 2872 .si
1081 2819 1157 2886 absis,
1167 2819 1197 2872 in
1256 2885 1258 2892 .

119 2895 245 2950 nondum
258 2895 367 2950 rediisse
379 2897 465 2950 fllium
480 2896 638 2952 :Storacem
681 2895 826 2969 quemdam
844 2898 933 2950 locum
945 2899 1096 2970 profectum
1109 2911 1155 2952 aut
1174 2899 1196 2952 si

120 2977 195 3030 enim
205 2975 415 3033 huicadcoeuam
426 2976 499 3030 eunti
510 2977 637 3030 comitem
679 2977 709 3030 in
725 2975 912 3048 quodamloco
925 2978 1040 3030 nimium
1052 2975 1196 3031 diumore·

120 3054 248 3122 dederat,
258 3068 284 3109 et
293 3057 359 3110 alios
370 3069 459 3128 postea
471 3075 560 3111 servos
574 3057 638 3110 emi·
680 3058 742 3110 ris.»
756 3055 829 3110 Illud
841 3075 903 3128 ergo
910 3058 988 3110 nobis
995 3057 1064 3110 inter
1074 3058 1133 3112 haeo
1140 3057 1196 3110 duo

120 3149 205 3202 serat,
216 3137 264 3208 qui
275 3137 382 3190 obviam
391 3136 475 3201 irent,
487 3149 513 3190 et
526 3155 588 3190 eum
597 3155 638 3189 re·
681 3135 789 3190 videtur
810 3136 950 3195 interesse,
966 3136 1041 3208 quod
1061 3137 1090 3190 in
1110 3138 1196 3208 priori

120 3214 261 3269 ducerent.
273 3217 345 3288 Ergo
351 3235 379 3269 se
389 3215 503 3286 colligit,
516 3229 542 3270 et
549 3235 637 3268 secum
681 3235 742 3269 casu
754 3215 887 3277 nesciatur
901 3217 949 3269 uhi
964 3217 1089 3284 verseris,
1101 3217 1131 3269 in
1144 3235 1196 3288 po-

115 3293 270 3372 rquasidicit
281 3314 310 3348 ea
321 3295 639 3367 quesequunturzeNou
680 3295 785 3350 nteriori
810 3307 913 3360 autem,
935 3295 1069 3350 nesciatur
1088 3295 1196 3368 wando

121 3375 211 3438 rediit,
222 3387 272 3430 etc.
286 3397 298 3421 ι
308 3407 349 3417 -
359 3375 387 3428 Α
398 3395 482 3437 cona,
494 3374 639 3428 aconvivio
682 3375 716 3428 sis
730 3373 874 3428 rediturus.

120 3455 167 3508 oui
180 3454 267 3508 adfuit
278 3473 341 3508 oum
353 3454 486 3509 sodalibus
498 3457 566 3520 suis3
580 3453 640 3510 vid.
723 3473 768 3524 29.
783 3455 839 3508 Aut
849 3455 899 3508 ubi.
921 3456 1019 3510 Donat.
1039 3455 1084 3508 Br.
1104 3456 1199 3526 legunt

120 3552 193 3588 scen.
205 3554 259 3606 seq.
268 3547 421 3588 narrantem
431 3537 559 3588 Demeam
570 3554 638 3606 quo·
682 3535 723 3588 ibi.
731 3537 924 3589 -Eoeuiraea
933 3533 1006 3588 Edit.
1017 3553 1142 3602 anonym.
1153 3533 1198 3588 ad·

122 3613 207 3668 modo
220 3633 275 3668 sese
287 3615 343 3668 hec
358 3633 433 3670 ooeua
445 3615 579 3669 hahuerit
681 3613 724 3668 dit
738 3614 800 3678 tibu-
818 3635 879 3687 quae
898 3613 1123 3669 vitlemr¹Perleto
1143 3631 1198 3668 esse

160 3713 207 3764 ²7·
216 3694 483 3788 {deorsumobviam
491 3693 639 3748 Sicdicitur
681 3695 774 3766 glossa.
784 3695 918 3748 -Satiua
928 3695 1018 3748 Minus
1030 3693 1198 3748 damnosum.

121 3771 254 3827 deservis
260 3773 323 3846 ‚qui
336 3775 461 3838 veniunt‚
475 3773 638 3828 utdomiuos
724 3781 767 3828 3ο.
781 3777 812 3827 In
829 3785 867 3839 te,
891 3775 973 3828 soille.
989 3776 1140 3840 absentem,
1154 3787 1199 3826 aut

120 3865 222 3907 statuto
232 3867 354 3925 tempore
363 3868 390 3906 et
397 3855 458 3908 loco
468 3843 579 3907 domum
590 3853 639 3906 du·
685 3852 838 3908 cessantem.

121 3946 202 3998 oant3
220 3932 315 3987 unde
308 3935 358 4006 ipsi
380 3935 535 3986 adversiores
548 3933 640 4006 appel·
726 3933 773 3988 31
787 3936 847 3986 Par.
867 3936 976 4004 propitii.
993 3937 1050 3988 len.
1073 3932 1132 3987 cod.
1150 3931 1197 3986 ad·

123 4015 229 4079 lantur,
242 4027 272 4066 ut
287 4012 386 4069 indicat
397 4016 524 4068 Donatus.
541 4065 542 4072 ,
685 4013 725 4068 dit
742 4015 883 4075 declararem
896 4011 1065 4067 subdititium
1081 4012 1196 4074 videtur.¹
