2776 4782
275 375 502 445 uncum.
531 376 640 468 nor,
668 376 750 460 111,
776 376 844 444 so.
873 379 944 446 111.
1037 445 1038 448 γ
1073 386 1143 482 175

96 513 189 578 Mater
199 507 412 601 consequitur
426 530 434 574 :
450 506 519 600 jam
532 520 570 576 ut
581 505 681 576 limen
694 507 835 594 exirem,
847 509 890 584 ad
904 535 1013 604 genua
1026 519 1148 589 accidit

95 620 284 686 Lacrumans
301 615 440 686 misera:
458 613 638 684 miseritum
659 627 737 686 est:
758 613 910 707 prolecto
924 617 990 689 hoc
1010 623 1057 692 sic
1077 641 1147 714 est,

237 735 276 788 ut
292 735 386 814 puto.

93 827 244 898 Omnibus
261 826 357 897 nobis
372 838 411 892 ut
423 849 477 902 res
493 823 575 896 dant
591 848 681 913 sese,
700 826 746 896 ita
761 829 874 922 magni
889 843 989 926 etque
1006 833 1148 908 humiles

237 957 364 1004 sumus·
585 1000 588 1005 ‚
851 991 852 997 η
1109 963 1147 1016 sse
1250 1007 1253 1017 Ι

94 1042 177 1108 Hanc
191 1037 314 1108 habere
331 1039 516 1110 orationem
537 1063 669 1108 mecum
692 1039 857 1134 principio
876 1043 1016 1115 institit:

94 1161 110 1196 (ί
129 1148 157 1214 Ο
170 1145 213 1214 mi
226 1145 413 1240 Pamphile,
432 1145 537 1214 abste
549 1146 766 1241 quamobrem
778 1147 850 1218 baec
863 1149 999 1240 abierit,
1013 1177 1146 1226 causam
1210 1145 1217 1156 ’

176 1271 180 1280 ‘
234 1252 337 1322 vides.
953 1287 956 1294 ·

92 1357 168 1426 Nem
184 1359 301 1428 vitium
321 1373 372 1430 est
389 1357 538 1428 oblatum
561 1360 681 1454 virgini
703 1357 782 1428 olim
803 1360 845 1430 ob
866 1365 978 1434 nescio
998 1390 1066 1460 quo
1085 1369 1145 1438 im·

237 1464 353 1558 embo-
984 1459 989 1468 ’

91 1566 178 1638 Nunc
202 1570 269 1640 huo
302 1571 474 1666 confugit,
502 1587 535 1640 te
565 1586 664 1666 atque
689 1569 769 1649 alios
792 1587 926 1666 partum
954 1591 990 1646 ut
1025 1577 1148 1650 celaret
1235 1655 1236 1660 ,

235 1702 377 1748 suum.»
699 1681 702 1695 '
879 1751 885 1758 .

91 1780 145 1848 Sed
157 1805 257 1875 quum
276 1797 370 1856 orate
390 1785 462 1878 ejus
482 1784 694 1870 reminiscor,
715 1807 845 1877 nequeo
862 1789 943 1880 quin
965 1787 1146 1862 lacrumem

236 1915 346 1960 miser.
1104 1915 1146 1956 ⁸⁸⁵

31 2071 34 2078 ¹
94 2021 108 2054 «
125 1993 268 2089 Quaeque
289 1997 359 2066 fore
379 1996 514 2068 fortuna
532 2010 604 2084 est,
626 1996 753 2090 inquit,
780 1997 877 2068 nobie
895 2025 970 2095 quoe
991 2015 1025 2072 te
1045 2004 1146 2074 bodie

234 2102 372 2190 obtulit,

91 2201 143 2272 Per
158 2228 229 2276 eam
249 2223 282 2277 te
300 2209 514 2287 obsecremus
534 2208 656 2292 ambae,
678 2208 704 2277 si
719 2211 791 2304 jus,
812 2210 840 2280 si
861 2211 910 2282 fas
928 2229 992 2297 est,
1012 2217 1076 2284 uti¹

118 2385 537 2479 nonam,mynnrnaonnet.
550 2433 583 2448 .-
663 2405 725 2470 aer.
738 2411 805 2470 nn,
815 2407 1062 2471 inamoenum,
1072 2411 1144 2482 apuu

89 2488 136 2534 dnm
147 2499 170 2536 ut
182 2490 198 2536 1.
206 2505 248 2538 ex.
257 2480 390 2539 Sententia
400 2487 519 2538 absoluta
528 2497 583 2538 est:
627 2486 764 2556 meipsius
777 2497 896 2538 matrem.

88 2563 317 2618 alemineoerem
329 2565 578 2618 utllmenexirem.·
665 2564 726 2616 385.
742 2565 894 2632 Nequee.C.
908 2565 943 2618 G.
955 2579 990 2618 tn.
1004 2565 1077 2620 addit
1088 2572 1144 2619 abs·
1226 2605 1228 2612 >

119 2642 170 2713 379.
182 2648 323 2698 Miseritum.
336 2645 398 2708 Alli,
407 2649 537 2697 misertum.
549 2669 585 2686 -1-
630 2645 716 2696 etum.
728 2673 764 2685 -
778 2650 867 2705 Orata,
880 2663 981 2716 preces.
992 2651 1145 2714 -Nequeo,

90 2723 204 2775 Miseritum
213 2739 257 2776 est.
265 2725 302 2776 Ut
309 2737 380 2778 recte
390 2740 471 2796 supra
484 2719 585 2776 dictum
630 2721 704 2774 deest
723 2726 854 2774 continere.
872 2753 908 2764 -
926 2727 991 2790 Quin
1013 2729 1144 2778 Iammem

89 2800 117 2850 sit
124 2801 152 2854 de
164 2803 223 2866 illo,
235 2821 275 2858 ve.
291 2804 355 2858 152:
367 2803 462 2854 «Pium
474 2813 500 2854 et
513 2799 587 2872 pudi-
629 2803 711 2853 miser.
721 2800 838 2854 Videtur
846 2799 923 2855 fletus
937 2801 1081 2877 detergere.

89 2897 138 2931 cum
147 2882 281 2954 ingenium
289 2901 381 2936 narras
394 2881 561 2952 Pamphili.»
667 2879 727 2934 386,
737 2886 853 2934 Fortuna.
864 2881 931 2935 We.
946 2901 981 2934 ex
990 2883 1053 2935 Mes.
1068 2883 1144 2938 Leid.

118 2959 170 3014 380.
184 2968 227 3023 Ut,
238 2973 328 3033 prout.
342 2959 584 3034 —Apollotlorust
626 2979 674 3028 pro
698 2963 751 3012 illa.
774 2991 811 3000 -—
835 2967 946 3028 Quoeque
957 2963 1015 3028 sors
1025 2965 1142 3031 flertuna,

89 3039 152 3102 ῦῦτως
174 3045 278 3104 ἕκαστος
302 3039 348 3096 διὰ
378 3043 412 3097 τὰ
442 3045 583 3114 πράγματα
628 3029 743 3113 immid
757 3040 910 3102 eet,habita
925 3041 1040 3094 fortuna.
1051 3043 1084 3094 Et
1087 3046 1146 3112 fon·

88 3123 161 3188 σεμνὸς
172 3119 199 3180 du
214 3124 256 3176 καὶ
276 3124 400 3184 ταπεινός.
426 3151 461 3162 -
482 3122 583 3189 Magni,
628 3135 697 3183 tuna,
706 3121 732 3171 in
741 3119 842 3171 incerto
852 3121 1031 3187 esorsforrune,
1040 3123 1145 3176 inbono

88 3196 144 3251 elati.
163 3191 194 3253 In
215 3219 275 3254 eam
293 3213 381 3254 autem
395 3201 583 3273 cogitationem
627 3199 821 3272 ponitenvirg.
829 3197 877 3263 IX,
888 3205 938 3262 41:
955 3225 966 3245 ·
976 3199 1003 3252 si
1014 3219 1067 3272 qun
1080 3201 1108 3252 in
1118 3213 1144 3254 te

89 3273 168 3332 incidit
187 3279 246 3344 hic,
270 3297 300 3332 ex
313 3279 473 3352 Myrrhina,
487 3279 583 3333 nobilis
629 3281 735 3332 fortuna
752 3279 883 3340 fuissem.»
904 3289 930 3330 et
949 3278 1023 3350 ipse:
1043 3281 1144 3334 «olore

88 3361 212 3422 matronae,
231 3359 380 3412 miserande
399 3360 501 3429 specie,
522 3363 583 3430 qu'oe
627 3359 744 3410 fortuna.
757 3382 767 3405 n
779 3357 1143 3412 non-cererumaubhec

88 3431 209 3504 dignitatis
219 3457 273 3492 eure
283 3435 364 3490 oblita
372 3478 380 3504 ,
388 3437 423 3491 ad
434 3437 515 3510 pedes
529 3441 585 3511 ejus
628 3450 742 3509 utreque
752 3435 969 3498 denominatione
981 3435 1031 3490 dea
1048 3439 1143 3491 Roma·

88 3531 109 3564 re
125 3517 258 3588 abjecerat.
278 3522 383 3570 Gasaeb.
394 3518 499 3570 -Non
517 3519 587 3570 male
630 3517 672 3569 nis
683 3515 815 3568 interdum
830 3515 983 3587 putabatur,
1004 3533 1064 3588 que
1076 3529 1142 3572 tem·

89 3592 163 3646 forsan
176 3597 368 3668 intelligeretur
383 3595 418 3649 de
431 3613 459 3650 ee
477 3597 535 3668 ipso
550 3597 588 3648 lo·
630 3596 705 3667 plum
717 3605 789 3647 trane
802 3594 918 3647 Tiberim
930 3593 1047 3648 babebat
1056 3635 1065 3660 ,
1075 3597 1144 3649 cole·

16 3709 17 3728 r
87 3671 587 3748 quijuvenem.«t1equiperoeuseram
630 3675 763 3745 baturque
772 3675 806 3725 ab
818 3674 849 3726 ile
860 3673 905 3744 qui
916 3673 973 3726 eine
987 3687 1043 3726 arte
1053 3676 1143 3745 aliqua

16 3775 17 3802 ;
87 3768 118 3798 res
128 3754 219 3820 cubito,
232 3755 456 3817 miserescentem,
466 3758 586 3815 bandiera,
630 3755 712 3808 vitam
727 3753 885 3818 tolerabant,
895 3763 921 3805 et
930 3752 990 3806 ideo
1000 3754 1034 3805 ab
1048 3773 1076 3806 ea
1088 3773 1145 3806 om·

16 3819 18 3874 l
86 3828 208 3896 plaeidnm
218 3833 362 3888 reddidit.»
627 3835 674 3886 nia
686 3843 835 3905 exspectare
847 3832 989 3885 malebant.

16 3905 18 3992 l
116 3907 170 3964 381.
181 3915 313 3981 Principio.
321 3913 362 3964 ΑΙ.
376 3935 394 3965 a
402 3917 482 3982 princ.
496 3943 532 3954 -·
544 3919 586 3965 In·
666 3915 727 3978 387.
741 3919 790 3965 Per
800 3933 872 3975 eam,
888 3912 944 3962 scil.
956 3912 1097 3964 fortunenu
1110 3945 1142 3955 -

86 3989 143 4041 stine.
155 3993 217 4044 Vnr.
227 4011 272 4064 ap.
282 3993 470 4058 Weinso'tuit,
479 3995 584 4045 instruit.
631 3997 658 4044 Si
664 3997 714 4062 jus,
728 3992 762 4044 ad
773 3993 922 4043 hermanum
931 3993 974 4062 jue
985 3991 1144 4063 pertinet-

116 4067 169 4122 381.
184 4077 298 4124 wunsam.
314 4073 360 4126 ldie
374 4085 482 4145 partum
494 4071 588 4124 innuit.
633 4075 660 4122 Si
663 4065 728 4140 fas,
742 4069 776 4123 ad
791 4067 919 4124 divinum.
1161 4061 1165 4069 ¹
