2834 4788
234 365 276 412 tn
464 342 637 410 PUBLIl
665 340 909 410 TERENTII
939 345 1057 410 AFRI

229 477 342 559 Uxor,
363 473 390 540 si
412 496 536 556 cesses,
558 485 616 552 aut
637 486 670 540 te
689 497 800 543 cinare
823 476 966 568 cogitat,

230 583 297 648 Aut
313 592 379 646 tete
395 580 517 662 amari,
532 593 591 647 aut
607 593 742 673 potare,
762 593 861 674 atque
883 583 994 650 aniano
1016 580 1167 674 obsequi,

230 687 274 754 Et
292 684 351 753 tibi
369 685 453 753 bene
473 709 544 754 esse
564 684 645 769 soli,
664 685 724 754 sibi
744 709 847 779 quum
868 689 909 755 sit
929 686 1023 755 iiiale.

142 841 147 846 -
231 795 320 885 Ego,
343 792 420 884 q'uia
439 817 507 858 nou
529 791 625 860 rediit
645 790 749 878 filius,
764 817 837 885 quae
856 789 979 888 cogito!
1274 824 1298 864 ss

230 900 275 966 Et
294 897 413 991 quibus
431 921 520 966 nunc
542 896 702 968 sollicitor
720 895 832 966 rebus!
851 897 901 967 Ne
924 913 982 968 aut
998 895 1052 967 ille
1072 897 1199 980 alserit,

232 1005 300 1070 Aut
319 1004 447 1096 uspiam
468 1003 643 1082 ceciderit,
665 1018 722 1071 aut
744 1005 948 1099 praefregerit

232 1108 374 1202 Aliquid.
392 1104 751 1207 Vathuemquamne
777 1109 946 1192 homiuem
970 1113 1002 1178 in
1031 1112 1175 1178 animum
1209 1111 1300 1176 insti-

389 1229 499 1295 tuere,
517 1230 575 1284 aut

235 1450 302 1502 Peri.
317 1483 356 1492 -
366 1450 481 1502 Parentes
491 1454 599 1521 propitii.
608 1451 665 1516 Pii,
676 1451 747 1504 lilio·
790 1451 898 1514 Parare,
912 1449 985 1524 quod
998 1451 1030 1505 sit
1042 1451 1142 1513 carius,
1155 1469 1236 1522 quam
1245 1451 1303 1522 ipse

234 1547 297 1583 rum
316 1527 443 1604 studiosi,
458 1542 484 1584 et
498 1529 626 1596 subaudi,
640 1535 748 1601 cogitant
790 1544 829 1584 est
843 1532 928 1584 sibi?-
943 1533 1044 1584 Bacler.
1055 1563 1096 1574 --
1105 1530 1184 1582 diluo
1197 1527 1303 1601 adopti-

236 1610 390 1662 e'ueniretibi.
707 1611 711 1626 ‘
790 1629 853 1672 vus,
869 1629 965 1683 nempe
975 1611 1248 1680 AEschinus.-Qua
1261 1629 1304 1661 co-

277 1689 323 1745 3².
336 1688 365 1741 Si
377 1710 459 1742 cesses.
473 1689 563 1754 Quare
582 1708 653 1752 non,
669 1691 690 1740 si
703 1689 747 1740 ob·
789 1695 862 1759 gito!
880 1702 903 1742 et
922 1691 1019 1762 quibus,
1043 1703 1094 1743 etc.
1111 1688 1169 1742 Hoc
1183 1685 1220 1742 sic
1238 1708 1304 1759 pro-

238 1765 293 1820 sis-³
303 1771 346 1822 An
361 1770 423 1840 quia
433 1771 526 1840 justius
539 1768 650 1822 cessanti
667 1787 749 1840 quem
790 1767 967 1822 nuntiandum
986 1782 1037 1832 est,
1052 1782 1082 1822 ut
1094 1767 1216 1823 videatur
1239 1769 1305 1820 lior·

241 1849 342 1902 absenti
355 1848 552 1900 succensemus?
562 1847 676 1920 Anquia
684 1850 750 1901 irata
792 1866 850 1902 rere
861 1850 1046 1920 cogitationem
1060 1866 1143 1902 suam.

239 1945 317 1990 uxor,
325 1927 344 1977 si
354 1920 747 1991 cesseleon.-Autteamare,
833 1929 879 1980 36.
896 1930 932 1980 Et
952 1929 1015 2000 quib.
1037 1948 1052 1980 a
1072 1927 1157 1980 tribus
1173 1927 1251 1979 Bent.
1268 1929 1307 1978 Et

239 2018 283 2056 aut
298 2018 344 2057 tete
359 2009 446 2059 amari.
464 2004 536 2058 «Aut
551 2007 618 2058 alius
630 2007 750 2060 mulieris
792 2008 879 2070 abest,
896 2009 958 2060 item
977 2025 991 2058 a
1007 2007 1095 2061 Guell.
1114 2027 1195 2060 1.-
1208 2007 1248 2058 Ne
1262 2019 1307 2058 aut

239 2077 455 2138 amore'detineri
468 2097 561 2149 te,aut
572 2085 650 2138 aliem
661 2104 750 2138 amore
793 2089 834 2139 ille
849 2089 941 2139 alserit.
958 2087 1033 2139 Nove
1050 2105 1171 2157 prorsus,
1186 2097 1212 2137 et
1229 2086 1304 2160 inge-

242 2165 280 2217 tui
295 2177 397 2236 captam
408 2182 472 2218 esse.
485 2189 495 2209 ι
510 2163 599 2216 Phaed.
611 2166 651 2230 II,
667 2183 708 2229 ιι,
726 2185 750 2228 1,
793 2167 867 2219 niose
881 2167 995 2219 restituit
1008 2167 1097 2220 locum
1109 2166 1197 2228 hunc,
1209 2162 1306 2235 depra-

240 2257 332 2306 ament,
349 2256 464 2296 amentur.
484 2275 518 2284 -
543 2244 634 2296 Minus
651 2244 750 2314 peccati
794 2258 892 2310 vatum,
907 2258 936 2298 ut
949 2259 1037 2316 putat,
1053 2245 1177 2309 Bothius,
1191 2243 1306 2314 legendo

240 2337 279 2376 est
302 2325 385 2376 amori
410 2323 521 2394 proprio
542 2323 648 2387 cedere,
670 2343 751 2392 quam
794 2345 823 2376 ne
834 2337 878 2376 aut
889 2327 989 2377 illiserit.
1005 2357 1045 2366 —-
1058 2325 1151 2394 Quibus
1163 2323 1237 2377 rebus.
1248 2323 1307 2376 Hoc

241 2404 328 2455 alieno
346 2403 431 2455 amori
456 2403 582 2473 obsequi,
603 2403 678 2455 nullo
702 2404 751 2454 im·
794 2417 849 2470 est,
870 2424 949 2474 quam
968 2405 1057 2468 malis;
1079 2423 1149 2468 non,
1167 2416 1197 2454 ut
1221 2421 1307 2468 uxor,

243 2483 367 2552 pellente.
379 2483 450 2552 Ergo
467 2482 564 2544 αὔξησις
579 2495 625 2534 est.
638 2484 732 2534 Donat.
795 2503 875 2555 quam
892 2485 977 2536 honis.
992 2517 1033 2527 -
1047 2485 1086 2536 Ne
1099 2495 1143 2534 ortt
1156 2483 1197 2533 ille
1211 2479 1305 2535 olserit.

285 2561 329 2616 33.
343 2562 398 2614 Aut
411 2574 456 2612 tete
465 2565 550 2613 amari.
561 2561 604 2614 Al.
618 2575 660 2614 aret
670 2574 692 2612 te
703 2581 751 2614 am.
796 2565 892 2635 Algore
902 2562 1308 2636 diriguerit.—Fctemurequi·

240 2669 282 2686 -·
292 2643 375 2714 Atque
386 2641 610 2712 animoobs.Valp.
623 2645 753 2694 catucirno
795 2642 857 2696 dem
874 2643 994 2696 serenos
1012 2642 1109 2696 Bothio
1127 2642 1252 2693 assentire
1272 2642 1309 2693 le-

242 2723 292 2774 obs.
309 2755 347 2765 -
361 2722 453 2774 Aninio
468 2723 580 2794 obsequi,
596 2735 627 2774 ut
641 2721 753 2786 dicitur,
795 2723 866 2796 genti
885 2741 913 2775 ne
927 2724 1036 2787 illiserit,
1052 2719 1125 2794 quod
1137 2719 1245 2792 quidem
1267 2740 1309 2772 re-

241 2805 313 2869 genio
330 2801 468 2870 indulgere,
488 2803 505 2853 i.
529 2820 552 2854 e.
570 2801 753 2870 voluptatibus
796 2803 863 2856 etius
873 2805 960 2873 primo
972 2813 1116 2872 conspectu
1126 2798 1241 2852 videtur.
1254 2799 1309 2853 Sed

242 2898 270 2930 se
284 2878 391 2932 dedere.
692 2913 693 2920 .
795 2895 904 2945 tamen,
936 2893 966 2933 ut
994 2878 1183 2932 animadvertit
1209 2881 1308 2932 Donet.

285 2958 330 3020 34.
356 2957 411 3010 Sibi
428 2977 498 3030 quum
518 2963 551 3010 sit
570 2960 639 3012 male.
660 2959 752 3012 Plures
795 2960 896 3030 optime
904 2959 1185 3030 sicdepingitu'rpater
1193 2958 1310 3011 nimium

243 3037 305 3102 alii,
319 3037 389 3109 quum
400 3039 447 3090 sibi
456 3039 564 3090 srtmale.
574 3069 614 3080 -
628 3039 685 3090 Tibi
697 3039 753 3090 bene
796 3059 900 3107 amans,
915 3040 982 3110 «qui
1000 3039 1057 3106 haec
1073 3039 1099 3091 in
1114 3041 1210 3108 juvene
1223 3040 1310 3106 perti-

241 3137 300 3170 esse.
317 3117 414 3170 Omnia
428 3119 478 3176 tibi
491 3117 628 3185 deliciose,
644 3119 753 3171 feliciter
797 3119 904 3183 mescit,
915 3139 973 3190 quae
982 3120 1051 3171 circa
1062 3117 1207 3170 infantulos
1219 3119 1310 3169 caveri
1332 3173 1336 3185 1

242 3196 392 3252 succedere.
797 3197 895 3262 solent3
907 3223 917 3243 υ
936 3211 962 3250 et
977 3197 1050 3250 idem
1064 3199 1109 3250 ille
1124 3197 1205 3268 putris
1220 3208 1311 3249 metus

263 3265 265 3276 .
286 3278 407 3348 scebro.
414 3277 476 3330 Plus
483 3277 603 3348 estquod
611 3277 678 3336 dixit
685 3279 754 3348 Ego,
797 3271 922 3331 occurrit
930 3278 1002 3348 opud
1017 3279 1154 3343 Plautum,
1168 3274 1308 3339 iuMilite,

244 3376 324 3427 quom
342 3359 364 3410 si
380 3356 481 3410 diceret
500 3361 582 3409 Pater.
602 3360 699 3411 Donat.
714 3387 754 3398 -
797 3357 854 3424 ΙΙΙ,
869 3373 893 3421 1,
913 3363 965 3420 tad
980 3375 986 3410 :
1003 3358 1083 3424 .P01,
1107 3357 1129 3408 si
1140 3355 1310 3419 habuissem,

246 3440 313 3506 Quia
322 3457 370 3488 non
384 3435 540 3507 rediitfilius‚
554 3449 621 3502 ete,
634 3455 691 3508 sqq.
704 3435 753 3490 His
797 3437 859 3491 satis
873 3438 1000 3508 cepissem
1014 3437 1180 3490 miseriarum
1196 3435 1310 3505 literis:

243 3517 500 3588 quirtquetrersihus,
510 3517 636 3586 singulari
646 3515 753 3588 ἐνεργείᾳ
798 3513 1314 3584 Censerememori,cecidissemcebrius

243 3590 374 3650 disserturi
387 3614 478 3650 curum
486 3609 512 3648 et
525 3597 650 3650 affectum
661 3597 752 3668 putris.
797 3609 844 3652 aut
861 3596 895 3651 de
919 3617 990 3670 equo
1006 3597 1124 3668 uspiem;
1140 3595 1311 3658 illetuerem,

248 3675 358 3746 ·Neque
383 3677 456 3728 enim
486 3676 587 3747 patrius
612 3678 754 3730 consistere
797 3695 846 3731 nec
864 3677 1169 3746 ubidefregisseterura,
1187 3686 1231 3725 aut
1249 3692 1312 3725 cer-

246 3767 363 3807 mentem
382 3757 473 3808 Passus
490 3774 595 3808 amor.»
609 3757 700 3826 Usque
720 3756 754 3808 ad
798 3759 869 3810 vices
882 3758 964 3810 sibi.»
1405 3801 1406 3816 i

246 3852 378 3886 summum
388 3835 520 3898 extulit5'0
531 3837 607 3896 πάθος
617 3835 755 3906 illainopi·
841 3833 1310 3908 37.Proesregerit.SicFaatErasm.
1349 3901 1351 3905 Α
1405 3825 1406 3856 l

245 3912 325 3964 nubili
349 3917 474 3966 sententia
499 3933 505 3966 τ
533 3915 755 3985 «Quemquamne
796 3919 947 3986 perfregerit.
956 3917 1036 3984 Volp.
1050 3917 1124 3984 perfia
1405 3901 1406 3930 l

242 3991 378 4044 homiuem
396 3993 423 4044 in
437 3996 527 4048 animo
541 3996 755 4060 instituere,uut
810 4021 811 4026 ¹
841 4001 884 4049 38.
912 3997 942 4047 Iu
968 3999 1069 4046 urriumm
1102 3997 1230 4046 instituere.
1257 3991 1311 4042 llis.
1405 4007 1406 4076 q
