2776 4782
434 309 618 378 PUBLII
644 309 903 376 TERENTlI
930 308 1052 376 AFRI

205 444 296 512 Istuc
309 453 359 510 est
375 462 511 534 sapere,
529 438 587 535 qui
603 439 804 534 ubicumque
821 465 906 536 opus
923 441 983 530 sit,
1001 440 1149 510 animum
1167 442 1271 536 possis

363 546 520 634 flectere,
769 545 773 550 ’

205 652 307 742 Quod
318 653 360 721 sit
370 651 557 722 faciendum
572 650 711 721 fortasse
722 667 814 747 post,
826 650 914 721 idem
925 651 991 722 hoc
1005 655 1131 722 nuncsi
1144 653 1270 723 seceris.

204 759 262 830 So.
278 761 360 828 Fors
371 757 443 828 fuat
455 757 521 853 pol.
542 759 607 827 Ls.
628 758 692 826 Abi
710 784 766 828 rus
785 784 866 855 ergo
886 757 989 830 hinc:
1012 759 1059 827 ibi
1078 783 1140 854 ego
1161 773 1219 847 te,
1238 775 1272 829 et

358 878 395 933 tu
415 889 469 934 mc
485 865 585 936 feres.
916 911 922 922 ,
1230 891 1274 928 σω

204 973 259 1041 So.
282 972 386 1066 Spero
408 985 546 1040 ecastor.
568 972 634 1038 Ls.
655 970 671 1038 I
689 994 768 1066 ergo
792 972 897 1058 intro,
929 985 963 1040 et
988 995 1174 1065 compone,
1201 994 1274 1065 quae

326 1145 330 1150 .
365 1090 479 1146 tecum
495 1074 594 1148 simul

204 1186 375 1252 Ferantur.
398 1183 486 1252 Dixi.
506 1185 564 1254 So.
583 1184 636 1250 Ita
652 1195 689 1250 ut
703 1182 821 1277 jubes,
839 1181 967 1252 faciam.
982 1184 1074 1252 Psut.
1089 1184 1196 1250 Pater.

204 1291 268 1360 Ls.
277 1289 367 1379 Quid
374 1287 611 1385 vis,Pamphile
619 1288 634 1358 i
642 1295 733 1362 Psn.
742 1289 828 1359 Hinc
840 1288 930 1357 abire
943 1287 1107 1358 matrem?
1117 1289 1273 1356 minume.

363 1398 427 1466 Ls.
448 1395 538 1486 Quid
555 1397 601 1464 ita
622 1396 707 1468 istuc
722 1396 772 1464 vis
787 1393 802 1462 i

205 1502 298 1572 Pin.
311 1502 399 1591 Quia
409 1502 451 1573 de
466 1526 569 1572 uxore
580 1503 725 1574 incertus
738 1525 811 1572 sum
820 1501 936 1588 etiam,
951 1499 1031 1594 quid
1040 1500 1100 1569 sim
1115 1500 1273 1570 facturus.

364 1610 429 1678 Ls.
450 1607 540 1698 Quid
563 1608 647 1680 est?

208 1713 364 1802 Quidvis
382 1714 508 1801 facere,
529 1716 594 1784 nisi
615 1715 773 1786 reducere
793 1711 807 1781 i
824 1714 916 1781 Psoi.
933 1710 1095 1806 Equidem
1110 1713 1223 1806 cupio,
1243 1727 1275 1781 et

364 1821 419 1902 vix
437 1823 617 1892 contineor.
1238 1837 1275 1876 ⁶1⁶

116 295 126 304 ’
208 334 283 381 ooo
343 389 347 396 ⁸

206 1969 268 2022 Non
285 1967 321 2024 its
339 1970 447 2041 longum
462 1972 573 2042 spatium
582 1973 717 2044 significa·
758 1973 867 2039 fleturus.
876 2001 908 2013 -
918 1969 958 2019 Ibi
974 1986 1022 2036 ego
1036 1981 1067 2030 te,
1081 1981 1106 2018 et
1117 1979 1142 2016 tu
1156 1968 1275 2035 moseres.

207 2059 264 2110 tur,
277 2048 344 2120 quin
360 2069 447 2104 sermo
465 2051 570 2108 alterius
584 2049 716 2104 audiatur.
762 2049 878 2119 Oblique
897 2047 940 2100 hic
953 2064 1035 2100 senex
1048 2063 1148 2098 nurum
1162 2063 1239 2097 suam
1251 2056 1276 2098 et

207 2128 246 2180 De
262 2127 315 2180 hoc
334 2147 413 2182 sensu
423 2149 487 2182 vero
501 2129 613 2182 notabili
625 2141 719 2182 notant
761 2126 932 2198 Pamphilum
942 2125 1072 2196 objurgat,
1081 2124 1156 2196 quasi
1164 2123 1274 2177 diceret:

208 2207 568 2276 grammatici.Vid.Perizon
580 2207 614 2260 ad
628 2206 716 2260 Senot.
762 2207 890 2278 quoniam
907 2207 952 2259 hic
972 2205 1068 2258 nolunt
1085 2224 1135 2258 nos
1150 2207 1206 2276 pati
1217 2243 1225 2270 ,
1236 2224 1275 2258 ea·

207 2284 322 2339 Minerv.
342 2319 375 2328 -
394 2287 498 2354 Accepi,
512 2285 569 2337 scil.
583 2286 699 2338 auribus.
763 2304 822 2338 mus
835 2304 895 2351 rus,
913 2283 960 2338 ubi
976 2295 1081 2336 nosmet
1094 2284 1211 2340 invicem
1229 2303 1274 2337 nos

243 2367 303 2418 608.
317 2369 382 2432 opus
391 2369 430 2418 sit.
444 2367 473 2418 G.
486 2365 520 2418 G.
534 2383 570 2416 m.
581 2365 616 2435 gl.
628 2364 717 2416 interl.
762 2365 886 2416 feremus.

206 2447 296 2494 autad
303 2449 451 2496 manendum
461 2446 486 2493 in
493 2446 560 2508 urbe,
567 2457 613 2493 out
620 2443 718 2493 commi-

797 2446 859 2496 611.
881 2447 954 2511 Spero
975 2453 1088 2506 ecastor,
1104 2441 1206 2496 scilicet
1222 2443 1275 2495 fore

204 2525 327 2588 gerundam
345 2541 394 2574 rus.
409 2551 443 2562 -
454 2527 545 2574 Istest
556 2540 660 2588 sapere,
674 2521 721 2587 qui
761 2535 791 2575 ut
802 2533 831 2574 tu
848 2541 892 2574 me
908 2521 1009 2576 laturus
1025 2521 1075 2584 sis,
1087 2535 1113 2576 et
1130 2539 1180 2593 ego
1194 2535 1228 2575 te.
1242 2550 1275 2562 -·

207 2603 325 2669 ubicunq.
332 2612 384 2654 etc.
396 2601 442 2669 qur*
448 2617 523 2654 sume
528 2618 577 2670 pro
586 2603 716 2667 quomodo,

204 2679 248 2733 vel
260 2694 293 2732 nt.
309 2680 371 2732 Post
380 2683 484 2750 stertere
505 2678 640 2757 credimup
656 2695 717 2731 cum

207 2759 366 2812 casaubono
379 2777 476 2812 novam
486 2757 604 2830 incipere
617 2769 719 2810 senten-

206 2837 281 2888 tiam.
293 2839 353 2890 Duo
363 2837 434 2888 enim
442 2835 547 2888 videtur
558 2836 654 2900 dicere,
660 2853 719 2906 quae

205 2931 294 2971 tamen
311 2913 403 2966 eodem
423 2913 547 2980 recidunt
561 2932 568 2966 :
582 2932 678 2983 nempe
690 2915 720 2965 in

204 3013 237 3048 eo
251 3011 342 3046 veram
354 2991 510 3062 sapientiam
518 2991 616 3044 versari
629 2992 721 3062 praeci·

201 3089 266 3142 pue,
280 3083 311 3124 nt
326 3071 490 3142 ubicumque
510 3089 579 3142 opus
594 3070 642 3131 sit,
661 3070 719 3126 ani·

202 3169 277 3203 mum
286 3149 490 3221 possisflectere,
504 3149 613 3222 etquod
622 3149 720 3201 sacien-

204 3230 269 3282 dum
275 3230 324 3282 tibi
335 3229 484 3284 fortassesit
493 3240 586 3302 postea
593 3227 719 3297 ingratiis,

138 3323 146 3334 ·
204 3308 233 3360 id
244 3309 266 3362 si
283 3309 420 3363 voluntate
436 3322 480 3362 tua
495 3311 506 3378 (
520 3321 556 3370 ut,
563 3306 627 3361 alibi
635 3306 721 3378 loqui·

763 2607 883 2670 Compoue
893 2641 900 2668 ,
909 2622 979 2669 quoe,
989 2612 1038 2653 etc.
1051 2600 1142 2653 Innuit
1152 2603 1195 2654 vel
1205 2619 1275 2654 mun·

762 2681 826 2734 dum
841 2681 1008 2743 muliebrem,
1018 2681 1061 2735 vel
1072 2679 1136 2733 alias
1150 2681 1273 2732 sarcinas.
1372 2681 1373 2686 ’

799 2765 859 2812 6η.
876 2762 945 2812 Dixi,
961 2759 1031 2812 Cum
1048 2760 1076 2812 vi
1091 2757 1271 2812 asseverandi.
1372 2795 1373 2826 ,

763 2845 845 2890 -Ita
859 2842 969 2907 utjubes,
976 2840 1085 2907 faciam.
1095 2838 1170 2902 Abit,
1181 2837 1273 2892 mode·
1372 2885 1373 2908 ,

764 2931 923 2992 stesemper
940 2918 1000 2971 viro
1016 2919 1173 2992 obsequens.
1185 2925 1275 2969 -Pa·
1372 2911 1373 2940 i

765 3012 807 3051 ter.
817 2999 879 3050 Vox
891 2997 1069 3070 supplicantis.

779 3095 782 3100 ·
801 3079 1146 3130 613.Hincabiremotrem1¹
1158 3075 1274 3131 Subaud.

764 3159 856 3207 sinesne
867 3159 1029 3222 -Minume,
1042 3175 1077 3210 sc.
1087 3157 1139 3209 hoc
1155 3156 1211 3209 fiat.

765 3260 769 3266 ’
801 3232 860 3288 615.
871 3238 1012 3293 Contineor.
1020 3236 1078 3288 Lib.
1090 3247 1144 3288 ant.
1154 3237 1275 3286 contineo.

765 3345 800 3354 -
811 3317 903 3381 liquid.
923 3333 979 3382 cup.
1000 3315 1063 3367 Haec
1076 3313 1233 3384 Pamphilus
1242 3330 1277 3366 se

205 3393 267 3454 tur)
281 3389 354 3459 prius
372 3407 453 3462 quam
472 3402 550 3460 cogat
563 3387 717 3449 necessitas,

207 3466 307 3519 seceris.

765 3409 863 3446 orsum.
876 3396 1006 3460 -Cupio,
1017 3412 1128 3446 uxorem
1136 3391 1274 3446 reducere.

764 3501 800 3510 -
816 3474 865 3522 Vix
877 3475 1010 3534 contineor,
1020 3471 1084 3543 quin
1093 3470 1234 3532 reducam,
1245 3488 1277 3523 ex

765 3548 883 3613 Donato;
904 3550 947 3601 vel
965 3549 1180 3621 post-Guyetum
1200 3567 1206 3601 :
1232 3549 1277 3602 vix

241 3548 303 3598 610.
316 3553 375 3599 Fors
378 3551 450 3618 fuat.
469 3549 500 3601 C.
516 3548 549 3599 G.
569 3544 718 3614 m.saoeat,

207 3623 375 3679 redamanu
384 3627 539 3699 posteriore.
552 3627 717 3695 Al.fiat.Ms.
764 3629 889 3683 contineo
902 3648 959 3690 me,
976 3629 1043 3702 quin
1063 3643 1169 3702 partum
1187 3628 1277 3681 Philu-

209 3703 268 3757 Psr.
285 3705 342 3758 itid.
353 3707 452 3778 ubsque
457 3709 516 3776 fors
523 3729 533 3768 ,·
548 3706 564 3758 i.
573 3726 599 3778 q.
609 3711 718 3772 εἴημὴ,
764 3727 849 3762 menae
872 3709 998 3780 aperiam.
1024 3707 1145 3762 Priorem
1171 3725 1276 3761 sensum
1372 3729 1373 3738 ³

207 3782 262 3834 fiat.
273 3790 369 3836 —Fors
375 3789 437 3854 suat
443 3791 498 3854 pol.
512 3785 542 3863 Si·
550 3797 654 3839 tantum
665 3789 720 3840 for·
764 3787 861 3840 melius
880 3787 930 3840 erit
950 3786 1082 3858 accipere,
1114 3798 1206 3860 utpote
1230 3785 1276 3858 qui

207 3871 269 3912 tuna
280 3881 353 3933 aequa
363 3865 466 3930 faveat,
485 3877 510 3920 et
515 3867 579 3932 suat
588 3865 721 3938 significat
765 3865 908 3938 Pamphilo,
921 3864 955 3918 sit
971 3865 1123 3932 honestior,
1145 3878 1171 3918 et
1183 3865 1276 3917 melius

205 3941 262 3990 sita
276 3958 313 4009 gr.
329 3943 397 4010 pio,
410 3944 484 4024 undo
502 3957 620 4018 superest
634 3947 679 4015 fisi
696 3957 722 3998 et
767 3957 893 4016 congruat
906 3965 968 3999 cum
980 3945 1069 4000 indole
1078 3956 1141 4000 nota
1153 3944 1263 4018 juvenis.
