2776 4782
1006 233 1012 264 l

208 370 277 444 152
439 369 620 438 PUBLII
646 366 903 436 TERENTII
930 369 1049 436 AFRI

205 501 374 597 Relinquit
390 501 446 572 hic
464 525 540 570 cum
562 513 668 567 matre
684 523 823 566 uxorem
839 523 846 564 :
866 522 943 566 nam
958 523 1058 566 senex

204 611 275 678 Rus
294 607 422 677 abdidit
442 632 476 676 se
497 635 506 675 t
530 606 597 674 huc
610 629 687 674 raro
707 605 742 672 in
756 604 873 672 urbem
889 618 1062 674 commeat.
1229 629 1267 681 ηε

202 719 267 785 ΡΗ.
289 714 380 804 Quid
397 713 507 798 adhuc
523 711 649 780 habent
665 710 864 780 infirmitatis
881 709 1026 805 nuptiae?

202 823 288 892 Pan.
308 821 407 890 Nunc
426 819 538 888 audies
557 843 565 887 :
581 819 689 912 primo
703 817 765 886 hos
778 816 847 886 dies
862 814 1106 911 complusculos

176 931 288 996 ·Bene
304 925 524 996 conveniebat
537 949 615 994 sane
631 925 718 992 inter
735 947 790 992 eas
810 941 817 982 τ
840 925 971 993 interim
1009 967 1012 974 .

199 1035 294 1102 Miris
315 1031 422 1102 modis
436 1031 544 1100 odisse
563 1031 663 1126 coepit
682 1031 880 1117 Sostratam3

198 1143 314 1234 Neque
334 1137 408 1207 lites
423 1136 497 1207 ullae
513 1139 600 1206 inter
613 1160 684 1215 eas,
701 1134 879 1230 postulatio
1179 1140 1182 1149 '
1228 1162 1266 1200 n..

198 1241 802 1338 Nunquam.PmQuidigituriPsaSi
811 1240 1072 1335 quandoadeam
1081 1256 1268 1311 accesserat

198 1349 471 1436 Consabulatum,
484 1349 597 1444 fugere
612 1373 631 1416 e
648 1352 829 1442 conspectu
841 1335 945 1432 illico,

197 1457 320 1526 Videre
334 1456 421 1526 nolle
439 1483 446 1524 ε
464 1456 622 1550 denique,
644 1455 701 1522 ubi
718 1479 787 1523 non
808 1455 880 1546 quit
899 1455 984 1549 pati,

197 1562 337 1632 Simulat
354 1589 388 1654 se
408 1563 450 1632 ad
468 1576 609 1632 matrem
625 1561 744 1630 arcessi
758 1559 884 1628 adrem
899 1560 1044 1628 divinam
1058 1585 1065 1628 :
1085 1560 1173 1630 abiit.

115 1693 116 1696 ’
197 1670 266 1737 Ubi
284 1668 349 1753 illic
366 1668 498 1738 diesest
514 1667 716 1762 complures,
738 1668 857 1736 arcessi
870 1666 974 1760 jubet.
1228 1691 1265 1730 xes

199 1777 324 1844 Dixere
338 1799 471 1846 causam
491 1790 563 1844 tum
585 1768 697 1844 nescio
718 1799 817 1866 quam
834 1799 841 1842 ε
856 1775 975 1840 iterum
985 1771 1089 1866 jubet.

237 1954 295 2018 174.
308 1951 439 2016 Relinquit.
453 1947 539 2001 Codd.
557 1949 634 2002 Bent.
648 1951 705 2000 reli·
788 1947 847 1999 180.
856 1949 998 2009 Postulan‘o,
1007 1945 1194 2018 expostulatio,
1202 1966 1267 2019 que·

197 2031 257 2098 quit.
278 2058 311 2066 —
324 2031 385 2092 Hic,
405 2029 566 2100 Pamphilus.
590 2058 623 2070 -
648 2033 707 2080 Cum
751 2027 824 2093 relat,
835 2026 1021 2080 accusationes.

198 2123 285 2172 matre,
295 2107 312 2159 i.
325 2126 349 2159 e.
362 2107 434 2178 apud
447 2120 566 2172 matrem.
577 2107 708 2179 Praepara-
789 2109 846 2160 181.
859 2110 925 2175 Quid
939 2109 1029 2175 igitur?
1045 2105 1123 2159 Unde
1139 2107 1222 2178 igitur
1232 2111 1267 2163 de

198 2187 235 2239 tio
248 2185 282 2238 ad
292 2186 413 2240 futurum
422 2175 547 2240 errorem.
751 2183 814 2238 odio
829 2187 877 2238 tibi
890 2185 1007 2241 constat?
1020 2218 1055 2228 —
1066 2190 1108 2237 Ad
1120 2206 1190 2250 earn,
1204 2188 1267 2241 Phi·

236 2263 293 2334 175.
304 2271 341 2316 Se.
355 2265 430 2317 Bent.
441 2264 518 2318 codd.
528 2287 590 2318 sese.
604 2297 639 2306 -
652 2273 706 2318 Huc
750 2265 894 2320 lumenam.
905 2300 940 2309 -
950 2273 1104 2329 Accesserat,
1116 2267 1246 2322 Sostrata.

123 2362 127 2370 ·
196 2364 253 2396 rnre
268 2348 293 2395 in
311 2346 362 2395 urb.
384 2359 510 2396 commeat.
530 2347 601 2399 Mira
620 2359 660 2400 est
679 2348 708 2399 in
789 2347 848 2398 182.
862 2353 885 2397 E
898 2369 983 2416 consp.
1002 2349 1073 2400 Bene
1087 2367 1100 2398 e
1113 2363 1265 2416 conspeetu:

197 2424 273 2476 dictis
291 2428 421 2494 οἰκονομία.
441 2424 461 2476 F
462 2443 492 2476 ac
506 2425 578 2477 enim
594 2445 707 2496 praesen·
751 2435 844 2496 utpote
853 2445 912 2496 quae
924 2440 1031 2481 caveret
1044 2427 1153 2498 gravida
1163 2427 1266 2479 intelli-

196 2518 268 2568 tem;
285 2515 310 2556 et
323 2504 413 2558 nullus
426 2509 499 2558 error
513 2504 541 2558 in
555 2505 645 2558 sabula
659 2516 705 2558 est.
750 2505 777 2575 gi
787 2522 793 2555 :
803 2505 850 2558 sed
858 2518 946 2558 tamen
954 2505 1265 2579 subjungitoiderenolle:

197 2590 291 2635 Donat.
750 2595 779 2636 ut
809 2577 962 2656 ignorantia
986 2585 1157 2638 Parmenonis
1182 2605 1267 2658 appa·
1304 2650 1308 2670 Ι

236 2667 294 2737 176.
307 2665 373 2728 Quid
381 2667 493 2734 adli.infi
505 2680 573 2733 nupt.
583 2668 655 2720 Bene
664 2655 705 2720 irs·
748 2677 825 2729 reat,
853 2665 898 2736 qui
928 2679 1116 2735 argumentum
1139 2665 1265 2719 odiorum

196 2737 354 2813 que'adhuc
374 2762 499 2814 suspensa
512 2756 550 2798 est
568 2747 704 2812 narratio,
749 2745 878 2810 credidit,
898 2745 971 2818 quod
996 2745 1155 2796 Philumena
1175 2765 1265 2818 neque

194 2821 261 2873 etin
277 2821 327 2872 hac
337 2822 540 2892 interrogatione
557 2827 634 2896 quasi
646 2828 706 2880 sub·
749 2825 836 2880 videri
845 2826 937 2889 vellet,
947 2843 1034 2896 neque
1048 2822 1146 2878 videre.
1159 2831 1228 2876 Don.

193 2899 374 2953 stomachatur
380 2901 489 2954 Philotis
500 2901 622 2974 decepta,
633 2905 706 2977 quod
788 2905 845 2956 183.
858 2907 922 2973 Qnit.
932 2905 972 2956 Al.
986 2907 1068 2970 quivit.
1083 2935 1119 2946 -
1129 2908 1184 2955 Non
1195 2908 1264 2972 quit,
1276 2941 1279 2950 .

195 2977 263 3031 nihil
277 2976 365 3030 videat
377 2977 536 3034 infirmitatis
547 2981 574 3033 in
588 2984 701 3056 nuptiis,
748 3001 803 3034 non
817 2994 911 3054 potest.
926 3014 961 3024 --
980 2987 1051 3047 Pati,
1072 2983 1185 3040 tolerare
1201 3002 1266 3036 con·

196 3055 270 3130 quod
280 3057 423 3127 optaverit.
438 3065 502 3112 Dora.
747 3073 884 3128 spectum,
903 3072 949 3114 aut
969 3060 1200 3114 consuetudinem.
1221 3065 1265 3115 In-

234 3155 293 3205 177.
311 3137 401 3187 Primo.
416 3136 474 3190 Lib.
491 3140 582 3192 Bemb.
599 3145 701 3209 primos.
747 3139 830 3212 telligi
840 3139 906 3192 illud
916 3129 995 3194 dehet
1003 3140 1036 3194 de
1047 3154 1126 3212 partu
1139 3143 1261 3196 instante.

195 3245 230 3256 υ-
238 3221 288 3267 Hos
295 3217 355 3278 dies,
364 3215 410 3288 qui
416 3217 549 3290 Pamphili
560 3219 703 3276 discessum
785 3223 842 3284 184.
853 3226 896 3274 Ad
912 3236 984 3274 rnatr.
996 3223 1037 3274 Al.
1051 3242 1068 3273 a
1077 3237 1163 3274 matre.
1172 3253 1208 3264 -
1218 3227 1264 3274 Ad

196 3295 358 3349 secutisunt.
747 3321 768 3354 r.
779 3301 985 3355 dinTumenim
995 3302 1107 3354 amiciet
1118 3302 1263 3356 familiares

233 3374 291 3444 178.
308 3376 419 3426 Interim.
432 3375 563 3446 Repente,
584 3377 650 3432 dum
667 3379 703 3434 ita
746 3381 838 3434 vocari
847 3381 977 3436 solebant.

196 3471 237 3506 res
251 3471 278 3504 se
287 3452 425 3504 haberent.
784 3459 842 3514 185.
853 3463 951 3510 Arcessi
957 3462 1143 3529 jubet,soc1us
1160 3459 1264 3514 scilicet

233 3535 437 3600 179.lt1irismod.
449 3537 489 3583 od.
500 3533 569 3588 Mire
579 3535 612 3589 ad
622 3537 703 3592 finem
746 3539 871 3594 Sostrata.

179 3607 328 3662 'comoediae
347 3629 436 3663 rerum
459 3613 607 3683 explanatio
620 3636 704 3671 reser·
784 3620 843 3673 186.
863 3625 932 3671 Tum.
950 3619 995 3672 Be.
1019 3617 1098 3671 codd.
1124 3635 1189 3672 tnnc.
1210 3618 1263 3672 Hic

193 3703 283 3755 vatu13
306 3709 419 3762 namque
436 3691 458 3742 si
476 3712 532 3744 rem
553 3694 703 3767 diligentius
747 3717 838 3752 versus
852 3699 928 3750 aMs.
938 3697 1013 3769 Lips.
1022 3699 1102 3750 abest.
1113 3701 1260 3762 -Dixem

193 3769 383 3840 introspicias‚
421 3769 521 3824 fallitur
555 3773 702 3841 Parmeno,
746 3797 782 3830 sc.
793 3777 949 3830 Philumena
957 3789 983 3828 et
993 3775 1064 3830 illins
1077 3787 1212 3848 parentes.
1226 3810 1262 3818 -

192 3866 275 3918 quum
288 3867 342 3900 non
355 3849 419 3902 odio
427 3869 531 3915 socrus,
541 3852 588 3905 sed
600 3855 703 3927 pudore
749 3862 866 3918 Causam
874 3857 1162 3928 praetextum-Nescio
1173 3877 1261 3924 quam,

192 3927 352 3980 simultatem
364 3929 489 3986 adversus
501 3951 606 3988 socrum
617 3935 704 3990 Philu-
746 3936 821 4006 quasi
840 3935 953 3998 diceret,
971 3937 1079 4000 falsam,
1097 3949 1144 3995 aut
1161 3936 1261 3990 nullius

193 4024 269 4070 mena
283 4005 452 4064 simulaverit.
463 4017 554 4066 Donat.
747 4015 883 4068 momenti.
