2824 4778
251 351 320 400 nto
482 331 659 400 PUBLII
684 331 933 402 TERENTII
960 332 1081 401 AFRI

250 551 1299 579 mmmmmmmmmmmmmmmm

460 762 705 873 ⁴turus·
743 767 1110 937 Quintus.

640 1009 927 1038 ψ

528 1180 706 1270 SCEN
715 1183 754 1267 Α
795 1181 1035 1270 PRIMA.

569 1395 771 1466 siccius.
803 1397 987 1466 crenus.

252 1621 333 1694 Buc.
344 1560 458 1696 Non
477 1613 542 1692 hoo
557 1615 598 1690 de
612 1619 715 1690 nihilo
735 1617 793 1707 ἐι,
811 1619 901 1714 quod
918 1621 1046 1690 Laches
1065 1647 1118 1692 me
1135 1643 1223 1693 nunc
1242 1649 1308 1694 con·

410 1743 543 1799 ventam
561 1751 634 1798 esse
651 1727 791 1821 expetit3

252 1839 324 1908 Nec
344 1836 401 1934 pol
415 1859 469 1904 me
482 1838 624 1904 multum
640 1830 740 1918 fallit,
761 1829 857 1926 quin,
871 1832 961 1926 quod
979 1835 1138 1930 suspicor,
1158 1837 1215 1926 sit,
1227 1835 1308 1930 quod
1384 1855 1385 1860 ’

411 1939 500 2010 velit.

255 2053 319 2122 Lu.
331 2046 598 2133 videndumst,
613 2069 656 2112 ne
670 2045 778 2113 minus
788 2057 925 2138 propter
938 2045 1020 2114 irem
1032 2045 1111 2116 hinc
1124 2048 1309 2142 impetrem,

413 2151 686 2248 quampossiem3
1124 2217 1127 2224 ,
1385 2231 1386 2244 ¹

257 2265 324 2330 Aut
344 2285 387 2328 ne
411 2258 492 2353 quid
515 2257 635 2326 faciam
655 2254 752 2349 plus,
779 2255 868 2348 quod
893 2270 970 2350 post
996 2281 1049 2325 me
1073 2259 1182 2328 minus
1206 2257 1309 2329 fecisse

416 2364 518 2434 satius
547 2363 597 2432 sit.
1278 2381 1310 2436 ,ευ

259 2471 454 2570 Aggrediar.
472 2466 629 2600 Bacchis,
652 2464 748 2534 salve.
817 2556 824 2566 ι

298 2699 484 2754 tctt.v.sc.1.
493 2699 580 2750 Rarus
590 2695 650 2748 vitae
661 2695 734 2748 color
742 2693 770 2746 in
813 2707 855 2744 me
864 2705 1037 2756 conventam,
1050 2715 1105 2749 non
1119 2708 1159 2749 est
1172 2697 1206 2750 de
1218 2695 1308 2754 nihilo,

261 2781 313 2834 hec
334 2778 467 2832 locutione
490 2778 616 2830 miscetur
637 2794 652 2827 a
679 2775 770 2827 Poeta.
814 2789 869 2823 non
882 2783 919 2824 est
937 2775 993 2826 sine
1006 2792 1095 2829 causa.

263 2857 464 2911 Nammeretrix
472 2855 598 2927 loquitur,
607 2869 634 2908 et
641 2871 737 2918 senen
747 2864 772 2906 et
850 2853 910 2920 728.
929 2856 980 2904 Nec
990 2858 1038 2922 pol
1049 2875 1087 2906 me
1104 2854 1236 2923 mide.de
1249 2855 1312 2922 quin,

264 2935 338 3008 quod
349 2946 388 2988 est
397 2935 555 2997 mirabilius,
564 2935 636 2986 bone
642 2932 771 2984 meretrix.
815 2941 864 2982 etc.
876 2931 974 2983 Parum
985 2933 1059 2986 abest
1073 2932 1137 3005 quin
1152 2933 1260 2986 habeam
1270 2947 1313 3002 pm

265 3017 332 3081 Qun
351 3025 474 3067 ceterum
487 3011 576 3077 dese,
590 3010 663 3084 quod
678 3029 773 3064 verum
816 3022 965 3082 comperto,
974 3029 1079 3065 causam
1091 3029 1147 3064 esse
1160 3011 1229 3065 hanc
1243 3027 1312 3083 quem

264 3093 351 3155 dicat,
376 3102 532 3163 argumenta
559 3089 623 3144 fidei
648 3087 775 3162 proponit
817 3093 945 3163 suspicor.
956 3091 1031 3146 Ordo
1040 3097 1168 3162 est:qniu
1179 3093 1313 3162 quodvelit,

266 3176 457 3246 cujuscumque
466 3170 577 3241 generis,
584 3169 712 3241 imprimis
719 3173 774 3234 jus·
819 3175 851 3223 sit
861 3175 929 3238 quod
935 3192 1000 3242 stup.
1012 3175 1075 3227 Haec
1083 3172 1194 3227 Bacchis
1206 3191 1294 3228 secum.

264 3250 423 3327 jurandum,
444 3249 542 3304 deinde
561 3249 641 3302 fidem
660 3260 776 3301 tormen-
856 3239 917 3320 729.
933 3253 1052 3306 Hinc.1ts
1065 3255 1110 3306 Be.
1121 3273 1172 3326 pro
1185 3257 1247 3306 luens
1254 3251 1314 3320 vulg.

268 3347 365 3386 torum.
380 3330 451 3383 Nem
466 3348 558 3385 servus
572 3327 734 3400 promittitur
749 3327 777 3379 in
820 3329 866 3382 Est
875 3341 962 3383 autem
974 3335 1030 3383 hinc
1039 3331 1146 3386 Terent.
1158 3351 1246 3397 more,
1256 3341 1279 3384 et
1286 3329 1316 3382 si·

266 3421 406 3465 tormenta.
415 3409 522 3474 Quibus
534 3409 611 3461 rebus
620 3425 703 3479 quum
714 3423 777 3479 pur·
821 3408 929 3480 gnificat
939 3410 966 3462 h.
979 3411 997 3462 l.
1011 3411 1046 3463 ab
1060 3411 1111 3464 hac
1123 3409 1263 3465 Bacchide.
1275 3405 1317 3461 td.

209 3502 212 3508 '
268 3503 328 3562 gata
346 3489 472 3543 meretrix
490 3488 583 3552 fuerit,
605 3485 777 3558 persuadetur
822 3488 884 3540 363.
897 3519 932 3530 -
949 3491 1103 3555 Videndum,
1124 3489 1318 3542 cavendum-

269 3571 309 3636 ei,
330 3580 360 3621 ut
372 3566 406 3620 ud
425 3579 536 3619 matrem
553 3579 659 3638 pergat,
670 3564 777 3637 jurandi
821 3570 1015 3634 Proposuerat,
1032 3569 1053 3622 si
1073 3568 1229 3622 iracundius
1246 3583 1318 3638 egam.

261 3649 358 3720 «gnua.
370 3647 433 3701 Hoec
446 3643 555 3699 secund.
570 3649 633 3697 Bon.
642 3657 668 3696 et
676 3650 751 3714 Engr.
821 3674 856 3694 -ι-
879 3650 956 3711 Quam
974 3653 1042 3713 poss.
1065 3648 1164 3701 scilicet
1186 3649 1319 3719 impetrare

305 3741 366 3798 727.
385 3733 457 3780 Nunc
472 3745 541 3778 conv.
559 3723 604 3777 stc
615 3724 635 3775 1.
647 3725 739 3776 Bemb.
752 3733 778 3777 et
821 3724 921 3795 absque
934 3724 982 3776 irs.

268 3809 356 3862 vatic.
369 3827 435 3860 nunc
448 3826 485 3858 nse
503 3824 571 3858 cone.
584 3803 775 3856 minusuume·
857 3804 919 3872 73⁰·
939 3810 990 3856 Aut
1012 3826 1044 3856 ns
1068 3809 1140 3872 quid,
1162 3819 1216 3860 etc.
1238 3807 1320 3874 Repete

267 3905 334 3940 rose.
348 3917 383 3928 -
394 3891 451 3939 Non
472 3890 534 3948 hoe,
557 3895 607 3936 eto.
625 3882 773 3935 Construe:
818 3885 957 3933 videndum
971 3898 1023 3944 esu
1034 3895 1057 3936 et
1065 3897 1145 3950 pota,
1153 3889 1224 3952 plus,
1234 3886 1320 3939 muns.

267 3963 329 4028 hoc,
343 3976 453 4035 propter
467 3963 539 4035 quod
556 3962 658 4020 Laches
678 3961 774 4031 expetit
822 3962 923 4033 opponi
933 3961 983 4019 sibi
989 3963 1103 4020 invicem
1112 3964 1250 4018 concinne.
1262 3955 1323 4013 Illud
