2776 4782
274 311 501 380 fluerat.
529 313 637 382 Acr.
666 314 739 399 tv,
761 281 836 381 ‘sn
865 313 941 380 111.
1070 335 1139 382 aot

79 443 143 512 Sed
162 467 227 511 non
249 443 397 510 minuam
417 467 528 512 meum
552 441 749 513 consilium:
771 467 811 512 ex
829 468 892 512 usu
910 440 1000 538 quod
1020 457 1092 530 est,
1112 443 1145 510 id

230 573 421 644 persequar.

79 654 183 725 Credo
200 679 239 723 ea
258 657 362 750 gratia
382 656 564 724 concordes
581 658 708 750 magis,
729 657 756 725 si
777 681 844 725 non
862 655 1039 739 reducam,
1061 653 1143 723 lore.

79 763 138 830 Lu.
150 764 303 832 Nescias:
320 787 437 831 verum
452 762 486 830 id
499 775 556 831 tua
572 762 673 831 refert
684 761 783 850 nihil,
805 777 917 831 utrum
929 760 991 839 illae
1003 760 1144 850 fuerint,

78 866 216 954 Quando
236 868 308 937 haec
330 869 470 938 abierit:
490 867 604 938 odiosa
620 869 691 938 haec
715 883 765 937 est
784 881 862 938 aetas
885 865 1145 936 adolescentulis.

78 976 104 1040 Ε
124 974 231 1046 medio
243 999 374 1068 aequum
388 965 609 1044 excedereest
619 999 627 1041 :
637 989 806 1069 postremo
820 997 882 1045 nos
894 975 962 1068 jam
975 971 1093 1043 fabulae
1108 997 1148 1036 σω

79 1081 196 1150 Sumus
204 1115 222 1162 n
238 1079 429 1174 Pamphile,
456 1109 473 1146 (ι
496 1083 602 1150 Senex
620 1094 719 1174 atque
736 1083 839 1150 Anus.
858 1110 876 1146 2>

79 1186 140 1255 Sed
155 1185 251 1256 video
269 1186 471 1282 Phidippum
491 1187 681 1282 egredi-per
700 1202 855 1287 tempus:
873 1185 1081 1256 accedamus.

109 1375 168 1425 616.
190 1376 312 1427 Minoam.
338 1374 460 1428 Mutabo.
485 1374 588 1428 Gallice
631 1395 747 1444 nequeas.
761 1375 882 1448 Speciem
901 1379 994 1449 glossa
1009 1375 1096 1427 babet.
1110 1405 1146 1414 —

77 1449 230 1516 diceremur,
237 1454 266 1521 je
277 1455 334 1505 n'en
345 1457 468 1506 rabaetrai
475 1456 536 1507 rien.
552 1486 587 1496 -·
632 1450 749 1510 Nescius,
766 1449 851 1520 suppl.
873 1463 965 1502 utrum
989 1457 1146 1499 eventurum

79 1533 153 1580 Meum
166 1533 302 1598 consilium,
315 1552 370 1586 non
383 1532 538 1587 reducendi.
556 1560 586 1570 -
631 1524 671 1589 eit,
679 1526 860 1582 concordesne
870 1527 965 1580 future
976 1526 1085 1586 sint,an
1097 1521 1148 1576 dis-

77 1613 117 1659 En·
125 1630 169 1661 usu
179 1615 249 1678 quod
259 1627 311 1678 est,
320 1613 350 1666 id
362 1613 437 1684 qnod
445 1614 552 1686 expedit
561 1623 587 1667 et
631 1605 733 1658 cordes.
742 1613 881 1670 -Urrum‚
892 1604 1085 1659 eonsentientes
1098 1613 1145 1655 aut

79 1687 137 1740 utile
151 1701 197 1742 est.
630 1684 823 1740 dissentientes.

110 1771 170 1834 617.
185 1772 278 1837 Magis.
298 1770 345 1823 Fa.
367 1775 446 1842 magis
469 1771 585 1837 delevit,
667 1769 729 1831 619.
745 1769 847 1817 Abicrr't.
860 1766 893 1818 L.
909 1763 1000 1816 Bemb.
1013 1764 1146 1814 aberit.-

77 1845 145 1916 qnod
158 1847 203 1900 Be,
217 1848 386 1902 retinendum
396 1863 479 1922 putat,
489 1885 520 1892 -
529 1852 585 1906 Nec
629 1847 689 1894 Hoec
698 1847 777 1895 abiar.
789 1855 873 1896 mater
885 1855 940 1896 tua.
951 1871 983 1880 -
992 1845 1036 1895 ΟΔ.
1047 1843 1101 1892 ltoec
1110 1853 1147 1890 est

78 1925 119 1977 Be.
127 1943 175 1978 neo
183 1927 284 1980 Bonan
293 1929 491 1985 eliminamihus
500 1949 586 1984 amn.
629 1937 692 1974 oetas
700 1923 806 1977 adol.H.
816 1943 838 1976 e.
845 1935 906 1983 aetas
916 1922 1006 1976 senilis
1015 1923 1145 1976 Sostrate.

78 2003 133 2056 tior.
148 2005 218 2058 Nam
228 2006 295 2058 mihi
308 2006 419 2078 quidem
432 2027 447 2061 e
463 2028 585 2063 sermone
629 2000 708 2054 Nunc
719 2004 863 2075 mitigatior
876 2003 984 2073 culpam
1007 1997 1144 2052 discordie

77 2083 182 2151 pensato
194 2085 347 2156 Pamphilus
360 2086 467 2141 videtur
479 2109 528 2140 πω,
546 2109 585 2140 70.
630 2098 773 2152 apersona
792 2081 827 2135 ad
847 2094 949 2135 atatem
963 2079 1084 2133 transfert
1097 2077 1144 2130 So

79 2165 211 2214 ducendam
220 2165 300 2217 satius
306 2178 411 2238 putare,
422 2187 502 2240 quam
512 2173 585 2221 ndu·
629 2172 724 2214 strttae·

78 2246 143 2293 cend.
153 2243 335 2297 Philumenam
344 2263 352 2309 3
361 2246 584 2313 cf.iufravs.634.
665 2242 726 2293 620.
737 2246 795 2310 AEq.
807 2261 861 2295 exc.
872 2255 919 2293 est.
931 2239 971 2292 Al.
981 2259 1030 2307 oeq.
1042 2252 1143 2290 estexc.

80 2325 182 2372 rer1.-
194 2327 231 2374 cr.
248 2343 278 2374 ea
288 2345 329 2395 gr.
349 2337 399 2378 etc.
417 2327 582 2381 Sententiose
629 2343 660 2353 -
674 2325 697 2370 E
706 2325 799 2387 medio,
810 2340 844 2374 ex
853 2333 922 2374 coetu
933 2318 1082 2371 hominum.

78 2396 153 2461 dixit,
165 2413 230 2455 tunc
239 2422 316 2474 posse
324 2405 393 2458 inter
400 2425 428 2458 se
438 2425 586 2478 congruere
665 2402 845 2453 621.Postr....
853 2407 952 2451 «Senex
961 2402 1124 2465 atqueAnus.
1132 2419 1144 2442 ι

78 2490 101 2529 et
116 2481 279 2537 concordare
293 2478 436 2548 mulieres,
454 2505 539 2556 quum
559 2498 586 2539 et
629 2480 748 2532 Donatus
768 2493 846 2551 putat
864 2477 948 2531 alludi
972 2476 1006 2528 ad
1028 2487 1145 2529 veterem

78 2556 118 2609 illa
128 2559 584 2628 essedesieritsocrus‚etillanurus.
629 2556 763 2621 fabulam,
785 2577 866 2630 quam
883 2556 1016 2611 narraturi
1037 2569 1068 2608 ut
1087 2555 1145 2626 Plu·

78 2636 133 2689 Haec
149 2639 220 2693 enim
237 2641 306 2694 inter
318 2643 380 2696 aliae
393 2656 431 2697 est
448 2643 585 2698 dissidioso
630 2636 729 2689 timum
744 2639 777 2690 ab
799 2639 840 2690 his
853 2638 959 2710 perbis,
975 2662 987 2683 υ
1000 2637 1088 2689 Senex
1107 2645 1145 2688 at·

76 2719 232 2788 conjunctio.
252 2721 286 2773 Et
303 2723 364 2774 satis
383 2722 521 2794 ingeniose
544 2722 584 2775 di.
631 2733 684 2786 que
697 2718 771 2769 Anus
783 2742 809 2782 n,
822 2717 990 2788 incipiebant.
1005 2716 1045 2768 Ita
1070 2723 1145 2768 certe

77 2806 151 2848 ctum.
173 2797 253 2852 Tolle
275 2802 345 2853 enim
366 2801 436 2854 inter
462 2802 584 2856 mulieres
631 2797 707 2850 etiam
721 2797 861 2861 inPlauto,
871 2796 1028 2868 nescioquis
1042 2794 1146 2848 exordi-

77 2875 312 2942 proximitatem‚et
320 2881 393 2933 nulla
402 2899 479 2934 causa
488 2880 586 2936 discor·
630 2890 675 2931 tur
698 2877 842 2948 apologum
864 2895 871 2928 ι
890 2901 901 2922 ι
915 2875 964 2929 tuit
985 2875 1050 2929 olim
1068 2875 1145 2946 quasi

77 2951 122 3005 diae
133 2966 182 3008 est.
197 2962 263 3010 Bon.
274 2987 306 2996 -
315 2960 397 3012 Aliter
408 2960 520 3032 explicat
534 2962 584 3014 Co.
631 2976 680 3028 ego
698 2973 757 3008 sum
770 2974 864 3024 senen,
873 2969 922 3009 etc.
932 2983 945 3002 n
959 2962 1024 3008 Mer.
1039 2959 1144 3007 Casanb.
1210 2951 1214 2958 “

77 3033 182 3086 saubon.
204 3061 217 3081 α
227 3037 314 3091 Credo
333 3039 355 3090 si
372 3057 429 3091 non
449 3039 585 3093 ostendam
630 3034 717 3088 Vertit
725 3034 817 3106 gallice
826 3035 855 3087 in
864 3036 933 3088 notis
943 3035 1045 3087 Faber:
1058 3033 1145 3087 «Nous

77 3127 115 3161 me
123 3109 263 3182 cupidum,
275 3127 458 3187 etexspectem
467 3116 532 3170 dum
541 3119 586 3171 illa
630 3133 664 3166 ne
672 3132 786 3167 summes
795 3113 855 3184 plus
864 3111 1075 3186 tousdeux'bons
1084 3113 1145 3190 qu’p

77 3190 173 3261 cupiat,
183 3203 210 3244 et
219 3207 341 3263 parentes
355 3195 483 3262 offeran13
494 3217 526 3250 eo
535 3217 586 3250 ma·
630 3194 698 3247 faire
711 3195 736 3246 la
755 3194 864 3246 matiere
882 3192 963 3245 d’une
983 3191 1069 3257 sable,
1081 3191 1145 3244 d’un

77 3269 113 3337 gis
130 3271 158 3322 in
175 3285 312 3342 posterum
326 3274 383 3328 fore
396 3275 586 3348 obsequentem
630 3285 729 3327 conte:
749 3273 768 3325 il
786 3272 887 3346 yavait
901 3291 939 3323 un
957 3273 1020 3343 jour
1037 3287 1075 3321 un
1089 3269 1143 3322 bon

78 3349 164 3416 matri,
175 3361 225 3404 etc.
236 3377 249 3397 n
630 3351 740 3404 homme
754 3365 843 3404 etune
855 3352 945 3403 bonne
959 3351 1066 3402 semme.
1078 3373 1091 3394 υ

107 3430 585 3492 618.Nescias.c.G.u.etHal.add.
667 3433 728 3485 622·
738 3436 899 3500 Perrempus,
912 3441 1071 3504 opportune.
