2812 4788
295 362 515 434 ADELPH.
542 363 652 432 ACT.
680 363 722 448 V,
746 366 813 434 SC.
841 362 923 434 Vll.
1077 366 1143 438 115

98 499 254 566 Aroessant
271 523 278 564 :
300 497 358 566 sed
379 521 493 566 eccum
510 499 692 565 Demeam:
706 495 816 566 s'alvus
830 497 902 566 sies.
998 573 1001 580 Ι

98 605 155 672 Du.
180 599 225 672 0!
254 602 312 698 qul
338 599 479 672 vocare?
504 605 591 672 Gur.
619 604 714 670 Geta.
752 605 817 674 Du.
848 605 954 694 Geta,
974 603 1145 676 hominem

239 733 385 778 maxumi
464 795 465 800 ἵ
1108 735 1146 788 aas
1204 733 1207 740 ·

98 815 176 884 Preti
188 829 218 884 te
232 841 302 884 esse
318 814 418 884 hodie
432 813 578 906 judicavi
593 814 704 886 animo
717 839 793 883 meo
808 839 815 880 :

98 918 174 990 Nam
191 923 216 990 is
235 923 316 990 mihi
336 919 488 1016 profecto
506 934 557 990 est
576 941 691 988 servus
707 935 874 1014 spectatus
894 923 991 1010 satis,

99 1029 154 1094 Cui
172 1027 321 1096 dominus
335 1053 422 1096 curae
437 1029 497 1113 ’st,
517 1027 564 1096 ita
578 1027 629 1094 uti
644 1027 704 1094 tibi
719 1029 821 1115 sensi,
844 1030 938 1097 Geta.

97 1131 136 1200 Et
148 1133 215 1218 tibi,
237 1133 280 1202 ob
303 1156 489 1228 eam-rem,
508 1135 534 1202 si
551 1132 630 1226 quid
642 1157 721 1202 usus
735 1135 884 1222 venerit,

98 1239 217 1308 Lubens
230 1239 424 1308 benebxim.
439 1239 587 1308 Meditor
599 1263 670 1308 esse
682 1237 839 1328 affabilis3
1109 1280 1147 1318 9...

33 1417 45 1442 θ
98 1346 136 1412 lit
147 1345 223 1414 bene
239 1344 400 1440 procedit.
414 1347 500 1415 Gur.
514 1348 625 1414 Bonus
638 1371 688 1435 es,
700 1368 803 1439 quum
814 1345 887 1414 haec
899 1347 1087 1417 existumas.

99 1451 155 1518 Du.
168 1444 324 1520 Paulatim
334 1450 466 1544 plebem
484 1450 664 1546 primulum
684 1449 770 1521 lacio
788 1475 906 1520 meam.

335 1623 553 1712 SCENA
584 1625 906 1712 SEPTIMA.

223 1811 471 1882 nscffluus.
499 1765 671 1882 nunna.
700 1813 856 1881 sunus.
889 1813 1019 1881 ouri.

99 1967 158 2034 AEs.
172 1968 335 2037 Occidunt
349 1993 403 2036 me
416 1968 565 2062 quidem,
586 1969 666 2036 dum
684 1969 780 2037 nimis
798 1983 928 2038 sanctas
941 1972 1074 2066 nuptias

99 2071 228 2141 Student
240 2075 366 2163 facere3
384 2075 420 2142 in
435 2074 628 2169 apparando
647 2090 848 2146 consumunt
863 2075 963 2145 diem.

51 2240 53 2247 .
99 2181 156 2248 Du.
179 2181 266 2270 Quid
286 2183 415 2334 εςέῑυν,
435 2178 608 2251 AEschine?
627 2181 694 2251 AEs.
710 2182 837 2273 Ehem,
852 2197 948 2278 pater
965 2185 1026 2272 mi,
1039 2199 1076 2253 tu
1092 2187 1147 2258 hie

242 2311 315 2357 eras
326 2335 333 2348 ·
1113 2320 1151 2372 9⁰⁵

129 2433 185 2500 894.
196 2437 245 2484 Sed
260 2453 354 2488 aarum.
374 2411 477 2487 lenens.
500 2433 598 2486 omittit
641 2435 789 2506 gratulatur
799 2451 874 2486 suam
887 2453 994 2488 morum
1005 2437 1154 2496 hnmanita-

100 2516 143 2564 sad.
161 2532 192 2557 --
208 2517 258 2567 Sed
276 2533 359 2566 arcum
383 2519 514 2566 Demeam
539 2515 598 2567 Hoc
641 2513 1020 2574 tem,submissaroce.ll¹am.

100 2590 159 2660 apud
171 2609 198 2644 se
207 2592 326 2663 loquitur
336 2591 413 2646 Geta.
678 2609 740 2660 901.
755 2597 788 2642 Et
803 2595 863 2643 leae
877 2597 997 2662 procedit.
1013 2597 1071 2650 Nee
1083 2599 1152 2654 illud

129 2669 184 2739 895.
198 2669 248 2736 Qm‘
265 2681 375 2724 aarum?
387 2669 470 2737 Quod
488 2670 537 2722 tibi
551 2688 598 2726 uo·
642 2669 790 2722 malemihi
808 2669 886 2723 cedit.
1115 2699 1118 2705 ·

100 2767 152 2804 men
166 2761 203 2807 ett
213 2751 226 2804 l
677 2767 738 2818 902.
747 2751 886 2802 Primatum.
896 2750 960 2822 Par.
968 2751 1151 2822 Mssprimum.

129 2829 183 2898 896.
192 2829 282 2884 Verba
291 2828 373 2902 hujus
382 2847 474 2883 versus
489 2826 533 2880 ulii
550 2827 598 2881 ali·
641 2859 677 2870 -
687 2831 826 2893 Paulatim,
840 2829 937 2882 sensim
948 2833 1151 2903 progrediendo.

99 2919 133 2962 ter
151 2910 289 2966 collocant.
309 2939 346 2952 -
364 2913 455 2962 Animo
476 2927 544 2972 mea,
563 2927 600 2962 sc·
641 2909 861 2978 -Plebemfaaio
873 2929 963 2978 meam,
976 2929 1094 2967 amorem
1107 2917 1150 2968 in-

99 2989 206 3044 eundum
223 2989 305 3044 animi
315 2989 369 3042 mei
381 2987 546 3043 sententiam.
642 2987 769 3040 fimorum
782 2989 847 3040 mihi
862 2989 984 3042 concilio.

129 3071 184 3140 897.
204 3075 339 3138 Spartanus.
353 3068 414 3121 Par.
426 3087 454 3140 p.
470 3085 529 3121 var.
543 3085 597 3136 spe-
668 3067 855 3135 ¹903.Quidam.
864 3069 924 3120 Lib.
933 3068 1153 3139 Bemb.eqaidem.

98 3153 201 3214 madias,
212 3153 544 3222 perperam-Spectatus,
557 3161 599 3200 ex·
642 3177 676 3188 -
691 3150 810 3198 Occidam
822 3167 860 3198 me
870 3149 976 3214 quidem.
985 3147 1155 3206 Eneeantme

98 3237 168 3295 perta
181 3240 207 3280 et
221 3228 400 3300 comprobata
409 3225 481 3280 fidei.
642 3237 713 3280 certe
725 3225 811 3278 taedio.
827 3225 891 3277 Huc
901 3243 991 3278 secum
1002 3227 1155 3284 adolescens

128 3309 234 3375 898.1ια
246 3311 283 3358 uti
296 3309 340 3359 cita·
352 3309 425 3359 sensi.
440 3305 502 3360 Scit.
513 3303 599 3358 domi·
643 3303 756 3377 cupidus
774 3303 943 3374 nuptiarum,
962 3313 988 3354 et
1001 3307 1096 3360 volens
1106 3309 1170 3363 dus

97 3403 209 3440 nnmsen
216 3387 354 3440 dominam
367 3404 423 3439 esse
435 3400 516 3437 curse.
644 3403 704 3438 cere
720 3399 849 3450 uxorem3
871 3381 1068 3458 contemnitque
1086 3387 1158 3443 illam

127 3467 184 3536 899.
194 3470 221 3518 Si
230 3469 294 3536 quid
302 3485 360 3518 usus
370 3485 456 3518 aanor.
470 3463 600 3540 Iemcod.
644 3462 798 3534 religionem
812 3463 841 3514 iu
850 3461 949 3533 nuptiis
959 3463 1021 3516 suis.
1032 3488 1064 3497 -
1071 3471 1157 3520 'Nimis

97 3549 116 3594 εἰ
126 3549 185 3612 quid
197 3567 240 3597 usu
255 3565 317 3598 uon.
330 3575 365 3586 -·
375 3547 402 3596 Si
415 3547 477 3612 quid
486 3549 544 3594 asur
558 3559 602 3594 ve·
646 3555 757 3594 sanatas.
771 3541 888 3594 solemni
900 3540 979 3594 nimis
995 3553 1022 3594 et
1032 3545 1156 3618 religiosa

96 3629 161 3677 aeria.
182 3624 210 3678 Si
227 3624 337 3679 occasio
361 3643 389 3677 se
411 3623 553 3696 praebuerit
574 3621 601 3674 in
646 3637 747 3693 pompa
761 3630 910 3691 apparatas.

96 3705 176 3775 aliqua
190 3721 219 3757 re
233 3703 398 3776 arripienda.
684 3703 789 3766 904111
810 3702 965 3767 apparando.
979 3701 1013 3752 In
1028 3715 1159 3774 apparatu

126 3802 184 3851 9⁰⁰·
198 3788 294 3836 Lutum
315 3783 466 3852 bauefaxim.
486 3782 530 3836 Cf.
545 3800 604 3852 sup.
648 3778 872 3833 cerimoniarum.

96 3881 130 3915 vs.
148 3863 212 3932 891.
231 3861 361 3934 Propositi
380 3880 483 3915 memor
495 3861 604 3931 quidem
677 3857 744 3927 905.
773 3861 840 3926 Quid
856 3849 957 3926 agitur,
974 3863 1057 3936 AEsfh.
1074 3861 1162 3934 Pergit

97 3943 188 4014 repetit
205 3941 293 4002 dicta,
309 3939 397 3994 sedat
410 3939 533 4004 rusticus,
549 3938 607 3991 sine
649 3939 763 4000 Demea,
784 3935 1027 3992 blandimentorum
1052 3958 1161 3996 suorum

97 4023 185 4088 gratia.
199 4022 349 4072 -Madieor
360 4039 412 4071 essa
424 4021 542 4086 afflabilis.
552 4017 609 4070 Sibi
652 4017 725 4070 haud
740 4017 886 4070 immemor.
904 4019 907 4028 ’

990 4118 1029 4189 3.
