2834 4788
253 313 301 386 36
470 311 646 380 Pttsstlt
675 309 929 380 TERENTII
956 310 1078 378 AFRI

250 447 306 514 St.
326 443 436 531 Quam
457 440 547 510 rem?
563 440 652 528 Quo
665 437 816 510 redeam?
833 442 900 510 AEs.
924 443 1040 510 Jamne
1059 464 1112 508 me
1131 441 1181 510 vis
1201 441 1310 511 dicere
1403 464 1404 469 ’

406 545 440 614 id
456 546 544 640 qnod
563 545 605 613 ad
623 559 655 614 te
677 545 819 616 attinet?

249 657 305 724 St.
324 654 448 748 Cupio,
468 653 552 746 aequi
569 651 669 720 modo
687 651 817 746 aliquid.
835 653 900 722 AEs.
914 652 1011 741 Vah,
1026 651 1102 722 leno
1124 653 1235 747 iniqua
1256 677 1311 721 me

405 782 474 826 non
492 757 564 826 vult
584 756 682 852 loqui.

246 867 304 936 St.
319 867 413 933 Leno
425 889 518 950 sum,
530 863 653 949 fateor,
663 864 823 958 pernicies
834 865 1018 934 eommunis
1032 863 1310 952 adolescentium,

247 969 421 1064 Petimus,
435 970 552 1064 pestis3
570 983 680 1038 tamen
697 969 756 1038 tibi
771 993 791 1038 a
804 994 859 1058 nte
874 967 964 1040 nulla
980 969 1020 1040 'st
1037 984 1110 1040 orta
1127 971 1256 1064 injuria.
1267 993 1313 1054 '190

249 1078 316 1146 AEs.
337 1075 424 1144 Nam
444 1074 556 1146 hercle
576 1077 674 1145 etiam
693 1075 758 1144 hoc
779 1090 889 1146 restat.
909 1079 967 1146 Sa.
985 1075 1200 1171 llluoquaeso
1221 1077 1312 1164 redi,

404 1205 471 1275 qno
490 1181 635 1276 caepisti,
651 1181 816 1252 AEsehine.

249 1288 316 1357 AEs.
342 1288 443 1356 Minis
470 1287 586 1381 viginti
611 1300 649 1355 tu
672 1284 761 1356 illam
787 1289 913 1374 emisti;
937 1311 1010 1383 queo
1038 1313 1091 1358 res
1116 1288 1177 1357 tibi
1200 1303 1315 1359 vortat

405 1388 527 1462 malel.

248 1500 387 1594 Argenti
408 1512 537 1568 tantum
555 1497 696 1568 dabitur.
715 1499 771 1569 Sa.
786 1498 900 1588 Quid?
919 1501 955 1570 Si
971 1499 1107 1596 egotibi
1125 1499 1216 1570 illam
1233 1500 1314 1571 nolo

406 1603 568 1688 vendere,
924 1678 931 1689 ,

249 1713 356 1803 Coges
377 1708 450 1780 me?
470 1711 537 1780 AEs.
557 1711 705 1780 Minime.
723 1711 780 1780 Sa.
800 1709 952 1806 Namque
971 1711 1006 1780 id
1028 1711 1138 1782 metui.
1158 1713 1226 1784 AEs.
1248 1713 1314 1784 Ne

404 1839 468 1908 que
487 1815 698 1885 vendundant
715 1805 847 1899 censeo,

249 1921 332 2008 Quae
360 1919 463 1987 libera
493 1918 534 1988 'st
563 1947 570 1988 :
599 1947 675 1991 nam
703 1947 765 2016 ego
796 1911 938 1990 liberali
955 1921 1042 1992 illam
1075 1947 1185 1993 assero
1213 1947 1315 1994 causa

407 2049 517 2094 manu.
548 2087 552 2096 .
704 2089 708 2094 .
1278 2061 1315 2112 195

293 2217 358 2284 187.
376 2214 452 2282 Quod
470 2215 505 2266 ad
525 2227 547 2267 te
568 2220 662 2269 attinet.
677 2217 759 2280 Quod
804 2217 997 2284 rum‚tabulam
1013 2219 1128 2273 Martiali
1143 2233 1239 2274 nostre
1250 2221 1316 2276 aedi-

251 2295 301 2346 tibi
313 2291 437 2366 prodesse
450 2292 562 2348 dehetet
573 2313 628 2348 esse
642 2313 760 2349 eommo-
804 2298 885 2370 tionis
902 2300 1055 2369 subjectam.
1076 2331 1115 2342 -
1137 2301 1200 2367 (Juoe
1216 2321 1252 2352 rat
1272 2305 1318 2356 tibi

252 2372 325 2425 dum.
804 2387 887 2429 eottut
910 2379 987 2429 male!
1006 2378 1174 2450 Impreoandi
1200 2381 1319 2436 formula

294 2453 358 2506 188.
370 2452 451 2523 AEqut'
466 2453 536 2504 modo
551 2453 651 2524 aliquid.
666 2453 708 2508 Se.
720 2453 761 2508 di·
804 2456 1001 2528 quainvehitur
1013 2457 1041 2510 in
1052 2458 1219 2530 impudicum
1240 2461 1318 2532 inge·

250 2550 352 2585 eae-
365 2530 437 2594 Vat,
452 2530 661 2601 indignantis.-
681 2535 762 2600 Leno,
804 2551 864 2588 nnat
880 2536 989 2606 virginio
1007 2551 1163 2608 emptorem.

253 2609 389 2682 religiosae
414 2609 522 2664 scilicet!
551 2623 578 2664 et
600 2613 653 2666 hoo
675 2631 762 2666 amare
848 2617 912 2684 193.
929 2618 1035 2685 Argenti
1051 2629 1151 2670 tantum.
1165 2617 1316 2674 lindenbr.
1404 2629 1405 2678 Ξ

255 2689 357 2744 dictum
372 2707 425 2760 pen
433 2690 555 2744 ironiam.
579 2713 583 2718 ·
806 2696 864 2760 titt,
876 2695 966 2748 nescio
978 2695 1059 2750 unde.
1070 2699 1185 2750 Perl—
1196 2699 1254 2769 Ego
1273 2700 1319 2752 tibi
1404 2687 1405 2764 l

295 2770 506 2836 189-Lenosnm,
519 2773 761 2841 fot.pemicies',etc.
805 2775 880 2827 illam.
900 2776 956 2828 len.
976 2775 1035 2828 cod.
1054 2796 1098 2846 ego
1120 2777 1201 2844 iilam,
1217 2779 1319 2832 omisso
1404 2767 1405 2832 i

254 2848 316 2898 Non
330 2847 405 2898 aliter
418 2847 503 2924 Plaut.
517 2847 550 2899 de
565 2850 674 2914 lenone,
688 2853 762 2902 Asin.
806 2855 858 2906 tibi.
876 2869 924 2896 -’
940 2855 1059 2920 Tantum,
1073 2855 1247 2910 tantumdem.
1275 2889 1318 2900 -
1404 2835 1405 2922 i

253 2923 647 2992 1‚11,7;sedN0sterversum
661 2929 763 2998 Diphili
808 2926 1031 2999 Quidt’mirantis
1049 2947 1075 2987 et
1093 2933 1320 3006 indignantia-
1404 2929 1405 2986 l

251 3003 412 3054 transtulisse
420 3001 525 3058 videtur
538 3005 622 3058 hunc:
634 3009 686 3060 Otito
696 3008 761 3060 ἔστιν
803 3010 834 3062 St
845 3011 944 3079 egotibi
954 3013 1020 3064 illam
1030 3015 1086 3066 nolo
1093 3016 1204 3069 vendere.
1214 3015 1321 3070 Nititur
1404 3045 1405 3066 ;

255 3077 312 3134 ottt
327 3082 421 3148 τεχνίον
443 3083 597 3156 ἐξωλέστερον
618 3090 661 3138 τοῦ
677 3105 762 3156 nepve-
803 3091 876 3159 jure,
890 3110 943 3161 quo
950 3109 1029 3146 nemo
1038 3093 1141 3164 cogitur
1151 3095 1320 3150 intimarem
1404 3085 1405 3152 l

254 3159 435 3225 dioaeusNon
450 3175 489 3215 est
506 3164 560 3216 ulla
580 3184 621 3218 ars
637 3165 763 3236 pestilen·
805 3187 879 3221 suem
895 3169 1016 3224 vendere.

255 3240 307 3294 tior
318 3257 398 3312 qnam
411 3241 522 3297 lenonia.
543 3244 609 3296 Peri.
626 3275 665 3286 -
678 3245 762 3311 Orto,
803 3277 807 3284 ·
849 3255 913 3318 194.
929 3251 1041 3316 Minime,
1057 3253 1222 3322 εἰρωνεία.-
1236 3253 1321 3306 Nam·
1404 3301 1405 3306 ,

254 3332 346 3392 coeptu.
805 3329 888 3400 queit!
894 3333 972 3382 metui.
984 3331 1066 3394 Quasi
1076 3350 1138 3386 vero
1151 3331 1180 3384 id
1188 3343 1320 3388 metuam.
1404 3331 1405 3366 3

295 3417 362 3468 191.
373 3400 438 3452 Nam
450 3401 525 3452 hercle
534 3403 662 3460 etiam-hoe
673 3415 760 3467 restat,
804 3407 919 3478 ntpovstqt
934 3409 1033 3478 pariter
1045 3403 1184 3482 respondit
1194 3411 1321 3480 Sannio,
1404 3407 1405 3436 ³

253 3478 311 3529 sub.
321 3489 370 3530 ate
379 3478 537 3536 iaciendum.
549 3481 584 3532 Et
592 3494 628 3534 est
637 3484 761 3555 εἰρωνικῶς
805 3499 831 3538 et
842 3486 951 3558 quidem
964 3488 1076 3543 ridicula
1085 3490 1114 3541 in
1123 3510 1169 3557 eo,
1179 3491 1254 3562 quod
1261 3494 1322 3564 jam
1404 3547 1405 3554 ,

253 3553 364 3608 dictum.
379 3588 418 3600 --
432 3559 487 3627 Quo
497 3563 606 3629 copisti,
618 3581 633 3614 a
645 3580 698 3633 quo
710 3582 762 3616 coe·
804 3567 891 3620 amisit
903 3566 940 3620 id
949 3567 983 3622 de
998 3588 1052 3640 quo
1068 3567 1136 3622 dixit
1148 3589 1176 3624 se
1187 3571 1248 3642 cogi
1261 3591 1321 3626 non
1404 3597 1405 3644 3

252 3634 323 3704 pisti.
333 3636 455 3688 Refertur
462 3637 495 3689 ad
504 3639 637 3708 superius,
648 3660 686 3698 vt.
701 3643 762 3712 187,
804 3665 888 3716 posse.
906 3648 975 3700 Don.
1081 3647 1083 3652 ’
1404 3685 1405 3708 ;

253 3715 319 3782 quod
329 3715 364 3764 od
380 3728 402 3766 te
417 3714 510 3770 attimt.
524 3719 559 3770 Et
573 3719 640 3774 bene
657 3740 760 3776 memor
848 3725 912 3795 195.
926 3729 1011 3800 Neque
1021 3729 1094 3782 'vetit
1107 3749 1168 3783 cens.
1178 3731 1322 3802 quoelibera
1404 3725 1405 3788 J

251 3791 308 3846 haee
318 3795 430 3848 servavit
439 3813 532 3849 avarus
544 3797 614 3850 leno.
803 3815 846 3857 est.
867 3805 993 3859 Liberum
1014 3807 1150 3862 hominem
1168 3810 1212 3863 vel
1228 3809 1321 3865 civem

292 3889 358 3939 ¹9²·
379 3875 454 3926 Minis
475 3878 571 3956 uiginti.
591 3877 658 3930 Fere
679 3878 759 3932 libras
802 3883 917 3938 vendere
930 3886 1030 3956 legibus
1039 3899 1065 3940 et
1074 3889 1275 3955 Romanorum,
1290 3903 1321 3944 et
1404 3883 1405 3890 ἵ

252 3957 378 4004 trecentae
393 3955 593 4027 qninquaginta.
603 3955 674 4010 Vide
684 3970 758 4012 eatta-
803 3963 955 4017 Graecorum
969 3965 1081 4018 maxime
1095 3959 1321 4036 prohibitum'ea-
1404 3963 1405 4020 Ῑ
