2824 4778
158 439 161 450 .
234 389 305 474 234
459 391 638 460 PUBLII
663 393 918 465 TERENTII
942 393 1066 462 AFRI

231 523 319 614 Quia
335 545 498 616 nusquam
516 524 668 594 insanum
687 525 765 596 lecit
785 523 1068 594 adolescentulum

191 679 197 694 .
232 631 376 700 Cervam
398 628 511 698 videre
532 629 663 724 fugere,
686 645 720 700 et
736 633 855 702 sectari
875 655 992 712 canes,

160 765 163 773 ¹
233 737 278 804 Et
295 759 368 826 eam
384 733 531 829 plorare„
553 759 666 822 orare,
684 751 722 806 ut
740 737 914 808 subveniat
934 737 1006 808 sibi.

234 841 337 931 Quod
355 843 382 912 si
400 840 614 936 intelligeret,
635 841 714 912 olim
733 868 836 938 quum
859 845 947 912 stetit
964 866 1067 926 nova,

233 948 364 1017 Actoris
385 971 487 1042 opera
507 949 611 1043 magis
634 951 760 1019 stetisse
778 973 877 1044 quam
898 974 975 1035 sua;
1270 976 1293 1002 1⁰

232 1054 346 1121 Minus
368 1052 473 1124 multo
490 1054 662 1142 audacter,
683 1080 782 1151 quam
801 1081 891 1124 nunc
909 1053 1012 1141 laedit,
1030 1052 1170 1124 laederet.

232 1158 332 1228 Nunc
351 1159 378 1228 si
398 1161 470 1254 quis
488 1175 558 1248 est,
575 1162 633 1254 qui
651 1161 717 1232 hoc
732 1161 838 1249 dicat,
857 1175 915 1232 aut
931 1162 978 1232 sic
997 1161 1137 1254 cogitet:

233 1266 339 1334 Vetus
354 1265 381 1336 si
398 1280 497 1360 poeta
513 1291 581 1334 non
600 1265 782 1338 lacessisset
794 1269 901 1362 prior,

232 1440 288 1505 nui,
300 1438 403 1492 infimo.
413 1469 449 1482 --
460 1443 529 1500 Levi,
544 1439 624 1494 nimis
637 1440 741 1494 humili.
785 1459 820 1498 va
833 1440 931 1512 placuit
943 1441 1039 1494 sabula.
1055 1464 1066 1487 ι
1081 1440 1195 1494 Minime
1207 1440 1250 1492 hic
1263 1439 1295 1492 de

267 1521 294 1572 6.
307 1523 445 1586 Nusquam.
461 1519 516 1572 Ien.
529 1530 556 1571 et
566 1519 664 1573 Nenet.
679 1540 743 1572 nun·
786 1519 922 1584 Terentii,
936 1538 1031 1574 verum
1044 1519 1124 1572 unice
1139 1519 1172 1572 dc
1184 1519 1296 1574 Lanuvii

232 1617 316 1666 quam.
324 1601 438 1652 -Fecr'c
448 1599 543 1652 Donat.
554 1597 589 1652 ed
600 1599 652 1654 loc.
663 1605 743 1653 «scri-
787 1599 878 1653 fabule
886 1600 983 1670 agitur.

228 1680 286 1744 psit.
301 1677 409 1750 Legitur
419 1690 444 1732 et
450 1681 545 1749 fecit·
558 1709 594 1722 -
605 1685 670 1748 Quia
684 1701 743 1732 nus·
825 1697 865 1733 10.
877 1681 975 1732 Actoris
989 1697 1065 1748 opera
1075 1677 1152 1739 [etc.
1169 1676 1202 1729 Id
1217 1675 1297 1746 magis

231 1775 321 1822 quam,
342 1769 392 1810 etc.
416 1759 475 1812 Hoc
496 1760 531 1813 ab
555 1759 646 1832 eliqua
669 1761 743 1816 istius
786 1757 888 1812 fectum
914 1776 988 1821 esse,
1017 1757 1081 1829 qnia
1103 1756 1198 1828 optimi
1225 1765 1297 1808 erant

233 1836 328 1888 veteris
337 1849 421 1908 poete
432 1839 557 1891 comoedia
569 1840 664 1905 sumit,
676 1853 702 1894 et
715 1850 745 1893 ut
786 1849 902 1900 actores,
916 1855 998 1910 quam
1016 1835 1090 1908 quod
1102 1834 1160 1906 ipsa
1172 1832 1298 1886 comoedia

233 1913 364 1966 insulsum
377 1934 408 1968 ac
421 1918 524 1988 puerile
533 1919 672 1972 Terentius
687 1919 745 1972 irri·
787 1917 856 1969 bona
868 1929 893 1970 et
903 1917 971 1968 bene
981 1917 1076 1986 scripta
1087 1917 1298 1968 esset-Stetisse.

232 1991 286 2046 det.
302 2023 337 2034 -
353 2000 491 2061 Insanum,
511 2014 544 2048 ex
563 2015 653 2050 amore
673 1998 745 2051 insa·
787 1995 890 2050 Dicitur
903 2010 970 2046 stare
983 1995 1093 2060 fabula,
1115 2011 1176 2066 quse
1194 1993 1294 2064 placen

231 2071 356 2124 aientem.
788 2079 952 2146 cadere,quoe
962 2072 1122 2144 exploditur.

267 2169 292 2221 7.
311 2156 411 2203 Cervam
423 2153 524 2220 firgere.
539 2151 599 2204 Non
614 2164 653 2206 cst
670 2155 743 2224 quod
825 2171 867 2204 11.
883 2157 1017 2204 Audacter.
1031 2152 1089 2204 Mu.
1104 2149 1145 2203 ed.
1160 2153 1297 2200 audaciter.
1394 2205 1395 2222 ,

141 2231 145 2238 “
229 2229 445 2304 credae,eervnm
460 2229 504 2283 hic
516 2231 666 2301 significare
676 2233 742 2286 ami·
787 2231 841 2296 Qui
852 2231 933 2302 vulgo
945 2231 1066 2302 sequitur
1075 2231 1241 2296 vs.Etmagz's
1247 2233 1299 2296 ptu-

231 2326 291 2360 cam
318 2308 354 2359 ob
380 2327 461 2378 quam
487 2311 565 2360 multi
597 2307 743 2382 depereant
786 2325 866 2360 cerem
877 2329 938 2376 quas
941 2311 1045 2377 ficisset
1049 2311 1151 2376 fabulas
1163 2307 1237 2358 hune
1252 2308 1298 2376 Fa.
1394 2333 1395 2358 1

232 2399 371 2440 amatores.
389 2391 429 2440 De
446 2387 503 2440 fera
517 2388 669 2460 simpliciter
685 2410 743 2444 cre·
786 2389 913 2458 probante
927 2389 973 2440 Be.
991 2389 1084 2461 ejecit,
1096 2400 1125 2440 ut
1137 2405 1188 2439 nec
1201 2406 1217 2439 a
1230 2387 1298 2438 Don.

232 2467 321 2522 dimus
347 2469 509 2522 mentionem
538 2469 611 2534 fieri;
635 2483 665 2522 ut
691 2470 741 2536 fit,
787 2471 919 2538 positum,
940 2467 1038 2522 necin
1059 2466 1142 2519 tribus
1161 2465 1299 2537 antiquiss.
1394 2519 1395 2534 ,

231 2568 316 2621 quum
328 2549 414 2605 insani
428 2563 454 2602 et
464 2552 580 2604 furentes
592 2562 744 2622 putent‚pe
786 2545 851 2598 libb.
865 2545 1005 2608 Benrbiuo,
1015 2547 1150 2600 Vaticano
1166 2557 1193 2598 et
1211 2545 1300 2598 Victo·
1394 2537 1395 2610 l

232 2627 323 2682 videre
334 2628 408 2704 quod
420 2647 475 2682 non
488 2629 592 2693 vident,
604 2641 630 2682 et
643 2648 690 2682 sua
703 2649 744 2684 ar·
787 2627 863 2678 riano
872 2626 1012 2696 scriptum,
1020 2646 1069 2680 nec
1081 2627 1146 2678 boni
1154 2624 1301 2697 quidquam

231 2721 318 2782 guent
330 2709 431 2763 deliria.
787 2723 879 2759 sensus
898 2705 1063 2759 asserentem.
1085 2705 1186 2758 Petitus
1205 2717 1259 2770 est,
1273 2717 1301 2756 ut
1394 2763 1395 2776 3

266 2790 291 2840 8.
303 2793 335 2838 Ee
346 2809 400 2840 eam
409 2795 524 2856 plorare,
540 2801 590 2841 etc.
608 2791 649 2842 De
663 2806 741 2843 cerva
786 2785 910 2858 equidem
924 2785 1028 2855 opinor,
1048 2785 1081 2836 ab
1096 2783 1180 2836 Andr.
1193 2784 1264 2836 Prol.
1278 2783 1301 2836 3.
1394 2815 1395 2822 .

227 2865 337 2936 quidem
353 2883 368 2916 a
383 2866 491 2918 canibus
505 2867 655 2938 agitata‚et
669 2868 741 2920 auxi·
787 2865 875 2918 Etiam
888 2863 1037 2916 Lindenbr.
1048 2863 1184 2924 observat,
1194 2863 1302 2916 huncv.
1394 2881 1395 2886 ’

226 2945 293 2998 lium
308 2943 448 2994 hominum
466 2945 628 3014 implorante
641 2963 742 2996 memo·
787 2961 810 2996 e.
831 2941 963 3014 plerisque
979 2943 1043 2994 Mss.
1055 2941 1156 2996 abesse.
1167 2947 1302 2994 Pedes.—

130 3013 160 3070 ff
198 3009 554 3085 ‘ratovid.exPont.11‚
569 3041 608 3084 11,
628 3023 671 3090 39.
689 3021 743 3076 Sed
787 3025 869 3072 Minus
889 3026 964 3072 multo
986 3019 1117 3073 audacter.
1138 3019 1303 3092 Transposit.

228 3103 285 3156 haec
304 3101 391 3154 omnis
409 3105 554 3175 πιρίστασις
569 3101 668 3173 tragica
684 3114 740 3166 est,
787 3112 825 3152 est
835 3118 884 3171 pro
898 3106 973 3152 mutto
984 3104 1043 3152 mim
1054 3104 1113 3151 aud.

231 3195 257 3236 et
276 3181 338 3234 ideo
356 3181 383 3232 in
401 3180 532 3234 comoedia
549 3181 644 3234 vitiose
665 3180 743 3234 indu·
825 3197 864 3230 ra.
880 3183 969 3246 Siquis
983 3197 1024 3234 est.
1038 3180 1127 3236 Scilic.
1141 3179 1176 3232 de
1189 3179 1302 3250 populo.

230 3263 309 3316 citur.
321 3265 414 3313 Donat.
787 3287 823 3298 —
837 3263 889 3308 Hoc
902 3263 985 3320 dicut,
1000 3275 1045 3311 aut
1059 3265 1094 3310 sic
1106 3262 1204 3328 cogitet.
1223 3257 1305 3324 Quod

267 3359 291 3408 9.
313 3343 377 3392 Olim
399 3359 472 3408 quum
492 3343 558 3390 stetit
575 3358 649 3390 nova.
664 3339 745 3391 Recte
788 3356 883 3408 nempe
906 3339 1042 3392 continent
1064 3351 1117 3392 tres
1143 3357 1238 3392 versus
1259 3337 1305 3410 qui

229 3422 304 3480 otim,·
328 3417 405 3488 qnasi
436 3417 527 3483 dicat,
551 3436 636 3488 quum
657 3416 746 3470 adhuc
790 3431 948 3490 sequuntur.

227 3497 368 3550 Terentius
390 3515 445 3548 non
469 3497 612 3558 scriberet,
633 3497 742 3568 penuria
825 3499 865 3550 13.
879 3505 952 3548 Vetus
960 3499 982 3548 si
985 3512 1073 3565 poeta,
1087 3509 1137 3549 etc.
1150 3495 1201 3548 Hic
1213 3514 1304 3548 sensus
1394 3551 1395 3572 Χ

228 3576 370 3629 meliorum
380 3588 419 3628 est
428 3575 658 3647 probata.Deinde
668 3575 743 3648 quod
787 3587 843 3630 eet:
867 3576 945 3630 Nunc
967 3573 989 3628 si
1014 3576 1073 3648 quis
1101 3587 1140 3630 est
1152 3616 1165 3650 ‚U
1178 3575 1226 3645 qui
1250 3575 1304 3626 hoc

227 3655 264 3711 ait
276 3675 354 3714 nova,
366 3653 418 3707 hoc
429 3653 577 3726 significat,
588 3656 679 3708 omnia
688 3675 742 3709 car·
787 3654 856 3708 dicat
868 3669 915 3708 eut
930 3669 1054 3708 censeat:
1079 3682 1092 3700 u
1105 3655 1253 3726 Improbus
1266 3666 1306 3706 est
1394 3681 1395 3720 3

226 3735 297 3788 mina
321 3735 439 3788 novitate
459 3734 515 3806 ipsa
541 3735 741 3803 commendari,
786 3733 943 3799 Terentius,
956 3735 1003 3806 qui
1016 3753 1109 3789 omnes
1127 3733 1253 3804 prologos
1271 3733 1306 3786 de
1394 3775 1395 3778 ,

227 3813 331 3866 etiamsi
352 3815 453 3866 nullius
476 3815 603 3866 momenti
629 3814 689 3866 sint.
707 3845 742 3854 -
786 3812 933 3866 maledictis
953 3813 1019 3867 fucit
1033 3832 1064 3866 n:
1090 3812 1188 3864 habeat
1207 3813 1231 3863 is
1252 3811 1306 3864 hoc
1394 3811 1395 3860 ἶ

227 3892 344 3944 Pedetus
355 3891 417 3959 hic,
433 3893 564 3946 nescimus
580 3911 634 3964 quo
653 3911 742 3944 errore
786 3910 942 3964 responsum
958 3892 1025 3960 sibi,
1044 3891 1229 3946 adversarium
1242 3909 1305 3942 coe·
1394 3929 1395 3946 i

228 3970 743 4036 instinctus‚vultsensumesse:«Quum
788 3971 870 4044 gisse,
887 3971 934 4042 qui
945 3971 1135 4041 provocaverit.
1149 3971 1219 4022 Nam
1237 3969 1306 4040 quid
1394 4023 1395 4028 ,

227 4049 345 4110 Terentii
355 4049 500 4104 admodum
513 4049 684 4106 adolescentis
697 4068 745 4102 no·
789 4050 887 4103 laceret
896 4049 1052 4116 Terentius,
1069 4066 1154 4120 quum
1167 4047 1201 4108 de
1212 4047 1306 4120 palma
1394 4103 1395 4106 ,
