2864 4776
313 323 572 394 euouuro.
600 322 711 392 eur.
739 323 782 404 v,
806 321 875 392 sc.
903 322 966 394 iv.
985 323 1004 343 ··
1063 355 1066 366 =
1116 319 1191 394 323

114 463 161 534 N.
180 462 237 534 Sic
253 457 311 556 pol
325 457 542 529 eommodius
566 480 636 526 esse
656 456 691 543 in
714 478 830 527 onmes
850 455 1015 542 arbitror,
1035 479 1136 550 quam
1154 472 1192 528 ut

279 589 447 660 coeperas,
666 639 668 644 ,

116 675 259 744 Manere
276 674 384 756 hane:
404 697 482 742 nam
497 665 700 763 perliberalis
718 667 788 736 visa
800 664 857 752 'st,
875 692 979 762 quum
995 667 1079 756 vidi,
1097 669 1191 740 mihi.
1240 657 1242 662 ¹

117 784 188 861 Da.
201 779 293 872 Quid
308 781 393 850 istuc
404 777 518 874 negoti
533 773 669 874 ’sti-Cn.
685 777 804 845 iamne
817 776 950 868 operuit
962 770 1111 846 ostium?
1124 779 1190 846 Da.

269 891 364 964 iam.
384 888 451 956 Cn.
471 889 503 956 Ο
524 877 673 979 Jupiter!
1151 896 1192 938 διε

118 993 166 1064 Di
184 1019 247 1064 nos
265 993 471 1089 respiciunt:
492 1001 627 1087 gnatam
644 988 757 1059 inveni
774 1001 914 1083 nuptam
934 1011 1012 1058 cum
1030 1002 1090 1058 tuo
1110 987 1204 1060 filio..

282 1102 348 1170 Du.
371 1094 471 1168 Hem!
1138 1083 1140 1088 ’

120 1209 200 1298 Quo
219 1221 320 1302 paeto
336 1205 370 1276 id
388 1202 520 1300 potuit?
537 1205 602 1274 CH.
622 1203 702 1274 Non
718 1201 798 1274 satis
816 1213 907 1270 tutus
921 1213 973 1270 est
992 1199 1035 1268 ad
1052 1225 1192 1272 narrau-

280 1313 362 1382 dum
378 1309 483 1382 locus.
826 1364 830 1371 ,

120 1422 186 1490 De.
204 1421 250 1490 Ae
269 1435 307 1490 tu
324 1421 414 1490 intro
428 1417 493 1487 abi.
513 1418 578 1487 ce.
598 1417 709 1500 Heus,
724 1437 768 1484 ne
783 1411 842 1482 filii
855 1411 990 1507 quidem
1007 1414 1114 1484 nostri
1127 1415 1194 1484 boc

279 1527 460 1597 resciscant
478 1521 566 1592 volo.

404 1754 619 1846 sceui
651 1751 946 1867 Quaere.

500 2013 503 2018 ’
552 1903 764 2062 ΙΑΝΤΙΡΗΟ.
878 1979 881 1985 ’

122 2197 234 2265 Latus
260 2215 352 2276 sum,
378 2200 418 2256 ut
439 2209 521 2254 meae
542 2207 596 2252 res
621 2204 692 2252 sese
719 2177 866 2266 habent,
893 2176 989 2248 fratri
1013 2177 1193 2272 obtigisse,

282 2293 373 2391 quod
394 2290 474 2362 volt.

158 2500 221 2556 813.
236 2504 267 2550 Ia
277 2515 370 2550 omnes.
380 2491 423 2546 Ad
434 2489 554 2544 omnium
566 2485 638 2540 utili·
718 2485 778 2554 817.
790 2485 835 2533 Ad
846 2501 915 2534 narr.
932 2483 1008 2532 loeus.
1019 2464 1050 2535 C.
1067 2482 1102 2535 G.
1114 2499 1150 2535 m,
1160 2487 1197 2536 ad

122 2595 204 2640 tatem
218 2574 386 2636 oemmodiua
404 2570 536 2632 arbitror,
549 2567 636 2636 hane,
681 2583 751 2615 narr.
763 2563 803 2613 tie
817 2565 892 2614 Iocus.
909 2591 945 2602 -
961 2567 1015 2628 Quo
1025 2575 1094 2628 pact.
1107 2563 1194 2630 idpoe.

122 2662 272 2726 Phanium,
289 2671 401 2712 manere
414 2651 444 2704 in
452 2653 532 2702 domo
546 2658 637 2700 nostra
681 2661 761 2714 supp.
773 2644 843 2714 fieri.
857 2671 893 2681 —
905 2643 948 2693 Ad
959 2659 1026 2692 narr.
1038 2639 1085 2692 ille
1096 2641 1195 2694 scilieet

122 2762 186 2798 cum
194 2737 359 2810 Antiphone,
368 2749 448 2804 quam
459 2727 534 2800 ejici,
546 2737 576 2778 ut
587 2743 637 2778 coe·
683 2740 744 2794 quae
758 2739 790 2774 ex
803 2717 945 2791 Sophrona
961 2717 996 2772 de
1006 2717 1110 2773 Phanio
1122 2719 1198 2774 audi-

123 2841 203 2898 perae
215 2818 302 2883 velle,
321 2832 352 2868 ae
370 2809 429 2865 dari
442 2803 607 2861 Phormioni.
681 2801 767 2866 verit,
778 2801 888 2873 ejusque
897 2809 981 2851 matre
995 2810 1110 2853 mortua.

158 2903 222 2966 814.
234 2895 399 2950 Perliberalis.
409 2887 508 2943 Perlet.
518 2887 637 2952 liberalis,
718 2881 781 2936 818.
793 2887 856 2932 Intr.
865 2885 907 2935 ab.
916 2879 958 2931 Al.
967 2881 1007 2932 ab.
1017 2882 1195 2933 ineu-Intro.

122 2983 212 3038 tacite.
222 3010 258 3022 -
270 2974 432 3030 Perliberalis.
444 2969 488 3022 cf.
502 2977 561 3040 sup.
577 2966 638 3019 168.
680 2961 872 3034 Intelliguntur
883 2957 952 3012 ades
964 2959 1148 3031 Demiphonis.

123 3062 255 3118 Posthac
268 3058 324 3112 abit
335 3050 512 3108 Nausistrata.
558 3093 560 3098 .
643 3079 647 3083 -
717 3041 810 3096 Se.1v.
825 3039 943 3112 Antipho
955 3037 1108 3092 adolescens
1120 3039 1196 3112 igno-

159 3143 222 3198 81⁵.
243 3141 310 3206 Quid
324 3137 359 3186 isa
379 3153 407 3185 ιι.
422 3137 473 3182 esu²
492 3127 636 3197 Postquam
680 3140 744 3175 raus
757 3118 831 3194 quod
846 3128 979 3189 comperta
994 3118 1028 3170 sit
1048 3136 1115 3170 uxor
1130 3136 1193 3181 sua,

122 3222 191 3278 abiit
210 3217 391 3276 Nausistrata,
408 3206 541 3278 Demipho
561 3201 638 3256 fratri
681 3219 774 3255 seeum
789 3197 918 3271 loquitur,
936 3194 1050 3251 laudans
1072 3197 1194 3250 fortunae

123 3300 235 3376 propius
247 3293 361 3360 accedit,
370 3303 401 3344 ut
411 3289 445 3342 ab
460 3305 492 3340 eo
502 3281 637 3338 audiatan
681 3277 818 3334 Phaedria.
831 3282 908 3344 Eugr.

124 3399 222 3438 venam
239 3373 293 3442 sit,
309 3369 417 3446 quadis
436 3363 570 3420 Phanium
586 3358 637 3412 sibi
717 3359 779 3426 819.
801 3361 831 3408 Ut
846 3373 907 3406 meoe
924 3373 971 3406 ree.
986 3352 1045 3407 Lib.
1059 3363 1115 3409 ant.
1129 3369 1156 3405 ut
1168 3369 1195 3406 ue

68 3449 71 3457 ¹
113 3479 155 3514 'ex
172 3456 281 3511 Lemnia
302 3469 387 3506 uxore
404 3459 496 3500 natam
514 3459 571 3496 esse
588 3457 637 3494 an·
682 3458 715 3490 m.
729 3458 798 3490 r.-·
813 3439 921 3487 Habent.
931 3429 984 3486 Ed.
995 3451 1039 3486 an.
1052 3435 1195 3502 1469,1m.

125 3539 233 3594 nuieset.
253 3564 289 3576 -
310 3529 415 3598 Operuit.
444 3521 583 3580 Occluait,
611 3530 638 3570 et
681 3521 763 3570 beant.
777 3519 855 3566 —Ut
867 3531 978 3566 meceres
994 3531 1046 3564 sese
1063 3515 1120 3564 tat.
1142 3513 1194 3566 Ex-

124 3620 182 3674 eub.
196 3613 362 3677 Nausistrata
373 3625 450 3662 uxor.
465 3599 638 3658 Metieulosus
681 3597 765 3670 plicat
776 3597 850 3649 Bent.
865 3613 916 3667 pro
930 3592 1001 3645 malo
1014 3609 1105 3644 rerum
1120 3611 1193 3654 mea,-

124 3699 253 3754 Chremee
277 3703 337 3756 est,
360 3707 396 3741 ne
426 3702 505 3748 uxor,
525 3677 638 3754 paulum
681 3694 743 3730 rum
753 3687 821 3728 statu
831 3691 839 3738 3
850 3673 878 3725 in
888 3683 1018 3746 quantum
1025 3689 1068 3724 res
1080 3688 1144 3724 meae
1151 3689 1196 3724 me

124 3778 318 3852 apertajanua,
327 3761 558 3842 ,auscultet-Da.
568 3764 635 3812 Iam.
682 3755 767 3809 laetari
774 3751 921 3826 patiuntur.
937 3781 972 3794 -
986 3753 1077 3802 Fratri.
1092 3749 1195 3802 intelli-

125 3858 190 3912 scil.
209 3851 317 3928 operuit
333 3847 438 3908 ostium.
449 3839 484 3884 ·'-
496 3839 638 3907 oupieer!
682 3835 721 3909 git
734 3831 884 3888 Phaedriam
897 3829 1054 3903 patruelem.
1068 3827 1112 3882 Sic
1123 3828 1195 3882 Suet.

126 3937 190 3990 Haec
205 3951 289 3988 uxore
302 3931 360 4004 jam
371 3933 471 3982 remota
485 3917 638 3976 elariusex·
683 3915 748 3974 Caes.
768 3931 820 3984 ²9²
836 3911 887 3965 «C.
904 3907 1042 3975 Marcello,
1057 3908 1105 3982 qui
1117 3907 1194 3962 fratri
1240 3972 1248 3998 s

125 4011 376 4072 elamatGhremee.
684 3993 803 4068 patrueli
814 4000 1007 4046 successerat.»

835 4091 836 4099 '
991 4091 1043 4158 ἀι
1059 4085 1086 4160 ².
