2824 4778
109 325 1179 350 ἈἮΜΜΜΜΜΜΜΜΜΜΜἮΜΜΙΜΜἋΜΜΜ

344 518 594 625 ACTUS
642 517 951 622 PRIMUS.

551 753 737 780 ’ν’-...μ-

385 956 614 1046 §CENA
658 957 894 1044 PRIMA.
948 973 951 979 ·

560 1167 725 1236 utum.

113 1367 272 1472 Aureus
293 1423 442 1468 summus
464 1423 557 1469 meus
573 1415 607 1468 et
627 1397 797 1494 populeris
820 1401 906 1469 Geta

113 1509 195 1578 Heri
212 1505 255 1575 ad
268 1531 323 1574 me
344 1506 437 1574 venit
459 1530 466 1571 :
490 1521 562 1576 erat
581 1507 611 1574 ei
631 1506 672 1574 de
694 1505 879 1574 ratiuncula

111 1619 186 1686 Jam
208 1612 339 1708 pridem
358 1611 449 1707 apud
466 1636 520 1682 me.
542 1601 705 1707 reliquum
723 1611 941 1706 pauxillulum

112 1717 353 1806 Nummorum,
372 1718 407 1786 id
431 1731 469 1785 ut
491 1718 692 1789 conficerem
708 1744 716 1784 ε
732 1717 882 1788 confeci:
898 1718 1023 1790 adfero.

112 1828 201 1896 Nam
223 1824 362 1894 herilem
381 1822 488 1893 filium
507 1825 578 1918 ejus
596 1825 732 1914 ,duxisse
751 1823 853 1894 audio

113 1935 264 2001 Uxorem
280 1947 289 1990 t
305 1933 353 2014 ei,
370 1929 489 2016 credo,
511 1955 634 2000 munus
652 1931 718 2000 hoc
733 1930 932 2000 corraditur.
968 2005 973 2013 ,
1140 1927 1186 1989 ’4ο

113 2041 225 2127 Quam
244 2037 355 2131 inique
376 2051 609 2130 comparatum
628 2051 702 2120 est,
721 2036 758 2104 hi
774 2038 833 2130 qui
847 2039 958 2107 minus
974 2038 1117 2130 habent,

114 2147 163 2214 Ut
181 2169 313 2238 semper
328 2141 451 2237 aliquid
469 2141 595 2210 addant
613 2137 837 2212 divitioribusl

148 2364 190 2419 So.
208 2365 231 2416 I.
246 2364 340 2417 Inhao
354 2380 433 2416 scena
444 2365 535 2416 Davus
546 2381 628 2434 pecu·
709 2362 753 2432 3'7.
779 2364 957 2416 pausillulum.
974 2355 1091 2430 Quartus
1112 2384 1188 2422 oasns

114 2444 186 2498 nium
211 2443 284 2496 Getas
310 2442 428 2496 debitam
451 2441 567 2494 afferens
582 2440 629 2493 'de
672 2439 870 2504 diminutionis,
883 2441 1028 2512 «paulurn,
1039 2445 1188 2516 paululum,

116 2541 255 2577 servorum
273 2522 427 2576 conditione
447 2520 545 2574 misera
562 2538 628 2574 cou-
672 2519 830 2590 pauxillum,
841 2520 1054 2591 pauxillulum.-

115 2603 246 2673 queritur.
711 2598 753 2651 38.
774 2603 808 2649 Id
820 2613 849 2648 ut
860 2601 1010 2669 corfieerem.
1028 2601 1122 2675 Suppl.
1140 2623 1185 2658 ro.

152 2682 195 2735 35.
209 2683 308 2732 Amicus
320 2700 382 2732 sum.
396 2699 462 2731 mens
475 2693 566 2746 etpop.
575 2689 626 2730 ete.
674 2695 749 2748 gans.
757 2677 791 2728 Et
798 2679 955 2748 conficerem,
964 2697 1015 2750 pro
1024 2681 1187 2752 colligerem,

115 2761 264 2813 insinuatio
273 2777 392 2831 persona
404 2760 469 2830 ejus,
480 2776 539 2830 quse
548 2756 629 2809 indu·
671 2753 739 2806 mihi
747 2753 818 2808 hanc
830 2773 963 2810 summam
976 2757 1100 2814 alicunde
1111 2767 1187 2835 repe·¹

116 2841 185 2892 citur
204 2838 238 2892 ad
252 2838 416 2892 audiendum
434 2847 628 2909 argumentum.
671 2833 763 2886 rirem.

117 2919 148 2970 Et
155 2917 219 2974 vide
230 2937 337 2972 servum
347 2917 453 2972 ostendi
468 2919 588 2971 Davum:
603 2928 630 2969 et
691 2941 693 2948 v
709 2913 893 2984 39.Heri1.fil.
914 2916 946 2982 ej.
959 2915 1030 2984 Pro,‘
1052 2917 1113 2971 heri
1129 2924 1187 2994 eins

118 3018 170 3050 non
192 2997 297 3050 ostendi
320 3001 397 3070 cujus
420 3015 512 3051 servus
537 2997 580 3049 sit.
595 3027 628 3037 -
672 2992 774 3055 filium,
795 2992 851 3045 scil.
874 2993 1071 3065 Antiphonem,
1098 2999 1187 3054 Demi.

77 3097 81 3106 ’
117 3081 253 3146 Popularr's.
266 3079 307 3130 Ne
320 3077 453 3148 intelligas
466 3075 527 3142 hic,
540 3076 630 3146 sejus·
674 3071 772 3144 phonis
787 3071 927 3124 filium-
940 3078 1186 3133 Dux.1morem.ls

118 3152 178 3206 dem
194 3157 303 3228 populi,
319 3156 424 3228 oppidi,
442 3155 543 3228 pagio,
557 3152 631 3226 quod
674 3151 764 3214 enim,
787 3150 896 3204 ahsente
916 3161 1006 3222 patre,
1029 3153 1118 3206 fictam
1135 3157 1187 3211 sihi

117 3232 182 3286 falso
196 3238 235 3287 sic
249 3235 374 3306 explicari
386 3234 485 3288 indicat
502 3235 631 3306 cujusque
673 3231 747 3283 litem
761 3250 776 3283 a
789 3229 951 3282 Phormione
966 3230 1069 3285 intendi
1081 3252 1186 3304 passus,

117 3331 230 3380 nomen;
243 3333 336 3369 verum
344 3313 461 3387 ejusdem
471 3311 632 3367 conditionis
673 3310 806 3362 Phanium
823 3308 924 3361 ducere
945 3311 1107 3380 cogebatur3
1130 3315 1186 3368 vid,

118 3404 143 3444 et
155 3393 278 3447 fortuna.
297 3395 341 3447 Sic
352 3394 458 3446 Sallust.
473 3390 630 3463 «Popularis
673 3389 722 3443 inf.
739 3385 876 3450 135,136.
893 3387 927 3439 Et
943 3388 971 3440 in
987 3390 1040 3444 hoc
1051 3393 1187 3466 praecipue

119 3477 159 3524 sui
172 3473 312 3526 sceleris.»
674 3477 792 3521 versatur
803 3467 905 3520 fabula.

154 3553 196 3621 36.
210 3557 277 3605 Heri.
293 3555 407 3623 Apparet
418 3551 477 3604 heri
488 3549 568 3603 luisse
580 3567 630 3601 nn·
709 3555 753 3610 40.
767 3548 799 3596 Εἰ
810 3567 842 3597 m.
855 3549 901 3598 lior
915 3566 977 3599 corr.
993 3547 1024 3599 Ei
1038 3549 1096 3604 haec
1105 3571 1187 3624 pecu.

119 3633 195 3704 ptius.
216 3665 249 3674 -
267 3638 305 3684 De
318 3634 463 3683 ratiuncula.
472 3631 630 3701 Opportuna
673 3625 717 3678 nia
732 3628 760 3678 in
775 3645 872 3679 munus
883 3627 1024 3699 colligitur.

119 3711 260 3764 diminutio
269 3712 296 3764 in
302 3731 333 3764 re
342 3711 432 3764 servili
440 3749 448 3774 ‚
457 3713 596 3760 ratiuncula
604 3719 631 3760 et
710 3711 753 3768 41.
763 3709 843 3774 comp.
854 3720 897 3758 est.
906 3706 1059 3760 Institutum
1069 3719 1116 3763 eat.

117 3791 292 3855 pauxillulum.
306 3791 340 3843 Et
353 3801 391 3844 est
404 3792 559 3852 ratiuncula,
579 3787 631 3840 exi·
710 3791 755 3848 ris.
767 3786 931 3839 Divitioribus.
951 3787 982 3840 L.
998 3787 1080 3860 antiq.
1094 3791 1188 3841 ditiori-

120 3887 171 3938 gua
184 3871 417 3940 pecunie-summa
433 3867 507 3920 Getae
525 3885 540 3918 a
558 3867 633 3919 Davo
676 3869 725 3916 bus.
736 3895 771 3906 -
780 3867 891 3917 Addam.
900 3865 971 3918 Bene
984 3869 1094 3934 addant,
1106 3869 1187 3923 scilic.

120 3947 214 4001 dubita.
679 3963 774 3999 acervo
788 3945 908 3999 diuitum.

680 4163 687 4198 l
