2834 4788
244 435 290 480 22
456 409 639 478 PUBLII
666 409 937 480 TERENTII
964 411 1120 482 Attal·

239 543 301 611 Rei
322 563 455 635 operam
476 539 572 627 dare,
589 541 658 608 ruri
676 565 745 609 esse
763 565 898 635 parcum
919 565 958 612 ac
977 535 1149 612 sobrium?

239 645 377 717 Nullum
398 647 497 740 hujus
517 645 642 715 factum
665 645 777 715 simile.
799 650 878 718 Haec
899 670 1000 742 quum
1017 647 1081 730 illi,
1097 651 1215 738 Micio,

238 755 340 840 Dico,
358 752 417 821 tibi
435 753 521 822 dico.
541 753 592 820 Tu
614 751 705 820 illum
728 757 896 849 corrumpi
916 756 1002 823 sinis.
1042 753 1044 758 ’

237 860 304 929 Μι.
322 859 464 927 Homine
483 859 636 952 imperito
653 883 822 954 nunquam
844 859 1021 955 quidquam
1040 861 1175 954 injustia
1191 861 1248 948 ’st,
1290 863 1293 870 ’

238 965 322 1054 Qui,
342 966 404 1033 nisi
426 964 515 1058 quod
534 964 605 1058 ipse
626 965 719 1048 fecit,
743 964 788 1033 nil
813 981 939 1034 rectum
957 981 1061 1061 putat.

237 1073 302 1139 Da.
318 1071 487 1159 Quorsum
504 1069 611 1139 istuc?
626 1073 687 1139 Μι.
710 1072 797 1159 Quia
817 1085 871 1158 tu,
894 1075 1036 1154 Demea,
1055 1073 1126 1142 hac
1143 1073 1229 1142 male
1244 1074 1301 1166 ju·
1319 1123 1330 1143 .

396 1175 494 1245 dicas.

236 1283 312 1352 Non
333 1295 383 1350 est
397 1282 572 1374 flagitium,
590 1283 671 1350 mihi
690 1276 811 1369 crede,v
823 1283 1103 1354 adolescentulum

234 1553 274 1565 -
291 1520 321 1573 Si
334 1518 500 1588 conserendum
513 1521 642 1590 exemplum
655 1530 699 1571 ast.
714 1517 742 1572 Si
784 1520 933 1572 hernantius
950 1519 1036 1585 dicet,
1052 1525 1109 1573 «An
1127 1519 1199 1573 laudi
1221 1533 1299 1591 putat

235 1601 300 1654 urite
314 1611 353 1654 est
371 1617 522 1674 proponere
534 1600 694 1671 exemplum.
704 1631 744 1648 ψ-
785 1599 857 1665 iore,
871 1599 892 1650 si
905 1599 1037 1669 perdiderit
1050 1611 1191 1671 gnatum.»
1210 1601 1278 1652 Dan.

234 1681 292 1734 Noa
297 1681 401 1746 fratrem
411 1679 493 1740 uidet,
505 1691 554 1732 etc.
566 1678 633 1731 Satis
643 1679 745 1732 comice
827 1679 1005 1750 99.Nuaquam
1014 1681 1150 1753 qar’dqaam.
1159 1680 1209 1732 Ma.
1218 1678 1298 1732 Bodi.

234 1759 287 1812 boc
299 1757 420 1812 infertur.
437 1757 507 1812 Nam
525 1757 606 1829 magis
620 1757 650 1810 in
665 1759 744 1829 culpa
785 1755 879 1809 Boend.
895 1771 921 1811 ct
934 1758 1006 1830 Lips,
1021 1777 1082 1811 cum
1100 1757 1149 1810 Ed.
1163 1760 1297 1829 Anonym.

236 1839 282 1891 ille
294 1837 350 1909 ipse
365 1851 415 1899 est.
429 1855 509 1907 quem
520 1835 620 1890 laudat.
637 1837 704 1890 Dan.
786 1847 813 1888 et
825 1833 875 1888 Ed.
889 1838 968 1906 prim.
981 1839 1044 1890 m'ttt
1055 1838 1191 1910 quidquam.
1205 1869 1245 1880 —
1256 1841 1298 1890 In-

163 1941 164 1946 *
211 1919 212 1924 ’
275 1919 322 1988 96.
338 1917 384 1969 tta·
405 1935 500 1985 operam
521 1917 588 1968 dare.
608 1915 650 1970 Sic
669 1929 745 1969 vetu-
781 1917 900 1984 jastiu'st.
919 1917 971 1988 Atii
986 1919 1097 1970 verbum
1111 1929 1147 1968 est
1158 1917 1297 1971 omittunt.

235 1996 328 2050 stiores
347 1995 434 2048 Bentl.
455 2013 551 2065 magno
572 2013 698 2060 numero,
718 2007 745 2047 et
786 1996 1222 2067 -Imperieainiqueetinsciterea
1231 1998 1298 2050 aesti-

235 2088 296 2146 post
311 2093 373 2129 eum
390 2074 518 2128 Perletua.
541 2074 608 2137 Atii,
632 2078 667 2125 rei
687 2075 746 2126 dare
786 2087 992 2139 mante,verum
1007 2077 1153 2146 inexperto.
1171 2105 1211 2116 --
1225 2077 1297 2129 Miro

235 2173 339 2226 operam.
355 2156 407 2207 Dat
422 2155 467 2208 Br.
484 2157 536 2205 ruri
554 2173 616 2214 aare,
628 2173 698 2222 para.
716 2173 745 2204 ac
786 2155 921 2206 stomacho
936 2155 1007 2224 apud
1021 2156 1107 2225 ipsum
1121 2155 1155 2207 de
1168 2156 1227 2224 ipso
1242 2167 1298 2208 tan·

235 2235 299 2287 soba.
312 2235 364 2286 Dat
383 2233 462 2287 Both.
480 2251 575 2302 operam
590 2235 654 2295 ruri,
673 2251 743 2302 para.
785 2249 864 2302 quam
874 2232 946 2304 apud
955 2235 1070 2287 alienum
1079 2233 1211 2305 loquitur;
1221 2247 1248 2287 et
1258 2236 1298 2287 iu-

235 2334 265 2365 aa
284 2311 334 2364 aab.
354 2344 393 2355 -
408 2313 455 2365 rtet
472 2331 567 2384 operam
582 2312 648 2364 dare.
667 2311 700 2364 In
714 2331 744 2366 re
788 2329 874 2382 super,
890 2325 952 2365 nota
972 2313 1096 2365 Micionis
1117 2315 1234 2383 σόφισμα.
1259 2315 1296 2368 Ut
1403 2365 1404 2385 p

235 2391 358 2447 familiari
379 2389 498 2462 augenda
522 2409 601 2462 omne
625 2389 744 2445 studium
784 2390 867 2443 homo
876 2393 994 2445 urbanus
1003 2405 1029 2446 et
1039 2393 1160 2462 peritior,
1170 2391 1298 2446 adversus

234 2489 343 2544 ponere.
355 2503 395 2514 -
407 2473 470 2524 Ruri
479 2491 542 2532 assa,
557 2471 651 2523 nonin
663 2473 743 2540 urbe;
785 2471 893 2523 fratrem
915 2486 1056 2542 agrestem,
1075 2471 1224 2544 prudentiae
1244 2473 1295 2526 sibi

232 2571 349 2623 parcam,
368 2569 423 2604 non
440 2549 601 2622 prodigum
622 2549 741 2614 sobrium,
784 2563 889 2622 arrogat
904 2550 1023 2621 aliquid,
1038 2563 1064 2604 et
1080 2552 1206 2604 sententia
1222 2558 1296 2612 zato·

144 2625 154 2694 ,¹
234 2649 290 2684 non
310 2629 443 2684 incanum.
469 2631 568 2684 Contra
591 2627 676 2691 iilud,
702 2649 745 2682 aar
783 2629 1146 2702 taxp'adpraetexendas,quas
1154 2629 1295 2698 subinfert,
1400 2615 1401 2639 ¹

236 2704 323 2762 amat?
335 2711 386 2764 Cur
393 2716 486 2781 potat?
783 2707 888 2762 fraudes
898 2710 1024 2763 orationis
1032 2711 1160 2763 abutitur.
1171 2711 1286 2764 Baraieru
1398 2759 1399 2770 ,

155 2851 158 2854 ¹
278 2803 325 2860 97.
344 2789 416 2840 Faat.
427 2789 510 2841 sima'le.
526 2788 580 2840 Alii
593 2789 668 2839 simile
676 2790 741 2853 fact.
805 2841 807 2848 ,
827 2807 889 2842 100.
910 2790 969 2860 Qui.
985 2789 1062 2843 Bodt.
1080 2794 1146 2862 quia.
1160 2819 1199 2830 —
1212 2790 1294 2844 Fecit.

236 2869 300 2921 Post
309 2867 366 2920 haec
376 2866 421 2919 alii
430 2865 652 2936 interrogant,alii
664 2867 741 2920 etiam
785 2865 1292 2940 Guetf.1,nip.uetph.faau.-tvt-
1396 2911 1397 2926 ,

235 2951 321 3018 majus
332 2945 460 2998 adhibent
469 2963 580 2998 comma.
592 2978 632 2987 —
641 2945 743 2998 Nullam
784 2945 825 2997 tit.
841 2947 1012 2999 Contrahitur
1025 2947 1054 2998 in
1068 2946 1192 3018 quibusd.
1206 2949 1252 3002 nii.

236 3025 306 3098 hujus
321 3023 417 3092 factum
437 3025 527 3076 simila!
548 3024 606 3076 Hoc
620 3041 681 3077 cum
695 3023 741 3077 ad·
826 3043 888 3076 τοι.
901 3027 1017 3095 Quorsum
1035 3021 1117 3078 ictuc?
1129 3026 1220 3091 Quare
1234 3028 1294 3082 hacc

212 3171 215 3175 .
235 3106 376 3180 miratione
388 3102 549 3175 indignantis
564 3103 741 3173 pronuntian·
783 3099 869 3156 dicis?
878 3105 917 3156 Ita
929 3107 1036 3170 Demea,
1047 3106 1093 3177 qui
1104 3107 1211 3177 oblique
1222 3105 1294 3162 dicta

236 3184 301 3239 dum
321 3195 374 3250 eat,
388 3197 416 3238 et
434 3179 586 3237 ardentibus
603 3183 743 3248 inyMicioq
783 3181 905 3236 Micionis
930 3203 984 3236 non
1010 3186 1137 3258 percepit.
1161 3186 1228 3240 Pari.
1250 3221 1292 3230 -

235 3283 296 3318 nem
311 3264 404 3319 oculis.
420 3263 455 3317 Et
473 3261 688 3317 subaudiendum
704 3275 743 3317 eet
786 3263 851 3332 Quia
867 3275 907 3329 tu,
919 3263 1018 3316 Demea.
1033 3263 1066 3317 Id
1080 3278 1133 3330 est,
1147 3264 1228 3317 homo
1238 3266 1292 3319 im·

235 3365 294 3409 aare,
308 3358 353 3399 aut
364 3348 471 3398 iaaeairi.
489 3343 635 3396 Donat.—
644 3343 741 3413 Hm'ns,
782 3341 892 3412 peritus.
907 3373 947 3384 -
959 3343 1022 3394 Hoea
1040 3345 1101 3396 male
1110 3345 1215 3414 judicas.
1228 3345 1292 3399 Pari

197 3479 205 3492 ,
235 3413 662 3496 Ctesiphonia.-Haaquamilli
675 3423 739 3494 dico,
781 3421 879 3472 virtute
893 3420 1291 3496 haecleniterdictasunt‚qua

235 3523 272 3558 ac.
291 3502 362 3557 dicta
380 3503 449 3557 volo.
468 3532 507 3543 —
530 3501 587 3554 Tibi
607 3501 673 3562 diac,
691 3501 740 3553 tibi
781 3499 919 3568 superiora
933 3501 1109 3556 vehementer.
1124 3503 1218 3555 Donat.

233 3581 306 3638 dicta
319 3581 390 3638 volo.
405 3579 428 3635 Ῐ.
442 3601 465 3634 e.
480 3599 563 3656 qupm
578 3581 614 3632 ita
629 3581 737 3650 loquor,
824 3597 884 3632 roa,
899 3581 978 3635 Both.
994 3581 1062 3633 crede
1076 3585 1117 3634 mi.
1131 3615 1172 3624 —
1182 3583 1240 3636 Nan
1254 3597 1292 3635 est

232 3677 263 3717 ut
277 3657 311 3718 ad
329 3661 482 3715 AEachinum
495 3657 628 3730 pertinere
645 3659 737 3732 illique
773 3659 913 3728 flagitium,
926 3661 1075 3724 mihicrede,
1089 3673 1139 3714 etc.
1152 3662 1213 3714 Non
1225 3681 1291 3733 pec·

231 3739 285 3795 dici
300 3739 455 3806 videantur,
469 3751 501 3792 tu
515 3738 575 3792 satis
589 3738 737 3809 intelligere
779 3753 869 3793 catum
886 3755 964 3812 negat
986 3759 1040 3794 ease
1059 3759 1066 3794 τ
1087 3740 1133 3794 sed
1156 3741 1289 3812 flagitium

230 3820 322 3887 debes,
332 3819 368 3876 ad
383 3833 409 3874 te
423 3835 529 3892 quoque
540 3817 689 3888 pertinere,
700 3818 734 3871 tia·
779 3836 834 3871 non
853 3839 907 3872 esee
921 3817 1074 3885 contendit,
1084 3831 1110 3872 et
1121 3819 1182 3872 ideo
1193 3821 1288 3874 aubin-

226 3902 308 3972 bique
321 3899 497 3953 dici.Baeaier.
776 3893 1148 3970 dignanterpronuntiandum
1156 3911 1290 3970 cattqua·

266 3983 312 4048 98.
336 3980 475 4050 Corrumpi,
490 3975 637 4050 depravari.
652 3976 732 4030 Nunc
777 3975 798 4029 oi
821 3977 906 4042 dicat,
927 3977 1038 4032 scortari
1062 3975 1172 4050 quidem
1193 3976 1288 4040 adole,-

224 4061 315 4113 mitius
325 4057 467 4124 dieit,stnis
477 4055 675 4133 eorrumpirMox
685 4074 730 4110 ve·
775 4059 939 4121 scrutatum,
954 4055 1080 4112 delictum
1097 4069 1152 4123 eat,
1167 4055 1213 4110 sed
1229 4055 1288 4111 nori
