2812 4788
338 311 556 378 ADELPH.
585 312 692 380 ACT.
721 315 789 400 lv,
817 316 886 386 SC.
914 321 965 388 ΙΙ.
1138 329 1181 399 81

121 438 241 531 Usque
256 439 388 510 occidit.
405 445 471 508 Da.
486 445 588 526 Hem,
604 444 682 538 quid
699 445 833 516 narras?
849 451 928 520 Sru.
942 455 1043 543 Hem,
1061 457 1186 529 vident

289 544 419 615 discidit
438 543 584 616 labrum!

122 653 191 718 Du.
211 651 464 738 Quamobrem?
477 655 557 722 Srn.
581 655 639 723 Me
654 655 831 750 impulsore
846 661 933 732 hanc
954 679 1098 760 emptam
1116 693 1186 740 esse

282 759 336 826 ait.
351 760 407 826 DE
425 760 502 828 Non
521 773 558 826 tu
576 783 652 828 eum
672 787 729 830 rus
750 764 827 834 hinc
842 769 941 837 modo

124 861 278 931 Produxe
292 861 406 932 aibas?
420 866 499 934 Sua.
515 867 669 954 Factum;
685 892 802 938 vemm
817 875 908 942 venit
921 891 997 968 post
1010 877 1183 952 insaniens.

122 967 181 1036 Nil
192 969 359 1062 pepercit:
375 995 444 1038 non
457 970 612 1064 puduisse
628 973 803 1044 verberare
816 977 984 1049 hominem
998 985 1134 1054 senem?

124 1073 235 1161 Quem
250 1099 312 1168 ego
321 1075 422 1144 modo
435 1101 576 1170 puerum
585 1077 748 1148 tantillum
756 1083 948 1155 inmanibus
957 1093 1082 1182 gestavi
1092 1095 1183 1163 meis.

122 1181 190 1247 Da.-
208 1179 342 1264 Laudo,
363 1183 540 1277 Ctesipho,
558 1185 722 1277 patrissas.
741 1187 823 1274 Abi,
840 1192 949 1259 vimm
963 1207 995 1262 te
1005 1185 1129 1288 judico.
1146 1222 1186 1262 ⁵⁶⁶

121 1285 203 1353 Suu.
218 1285 442 1356 LaudasiNae
452 1288 506 1357 ille
521 1291 704 1360 continebit
716 1295 870 1387 posthac,
882 1299 909 1366 si
925 1301 1046 1393 sapiet,
1059 1329 1185 1377 manus.

122 1391 189 1458 Da.
199 1393 349 1462 Fortiter.
363 1395 444 1462 Sru.
453 1386 631 1489 Perquam,
646 1398 721 1490 quia
733 1401 886 1476 miseram
901 1403 1071 1476 mulierem
1085 1403 1185 1482 et'me

281 1497 468 1583 servulum,

122 1601 191 1689 Qui
213 1603 349 1674 referire
366 1629 435 1672 non
456 1605 636 1696 audebam,
652 1609 746 1696 vicit,
769 1609 841 1681 hui!
859 1615 1057 1709 perfortiter.

155 1833 216 1886 561.
234 1839 342 1890 Discidit
355 1841 416 1890 iabr.
427 1836 460 1887 In
471 1831 631 1906 quibusdam
674 1831 784 1885 Addidit
796 1835 864 1888 etati
873 1835 1001 1891 invidiam
1020 1851 1046 1894 et
1060 1845 1183 1901 meritum

118 1913 180 1966 libr.
192 1927 232 1968 est
242 1919 329 1970 dissid.
345 1921 405 1968 mihi
421 1919 482 1967 labr.
500 1943 534 1954 -
550 1917 631 1978 Usque
674 1929 778 1980 reeens3
791 1913 843 1966 hoc
864 1917 936 1970 enim
956 1929 994 1970 est
1016 1922 1089 1992 quod
1115 1924 1182 1980 dicit

119 1993 303 2048 occidit.Paene
312 1994 435 2049 concidit.
443 2025 478 2034 -
490 1999 512 2044 V
513 1995 553 2043 ide
567 2005 595 2040 ui
606 1995 631 2042 d.
674 1998 761 2057 modu,
773 2007 798 2046 et
811 2001 934 2050 tantillum
946 1998 1063 2056 detestatis
1073 2017 1119 2058 eli.
1129 2007 1180 2060 Vi.
1254 2055 1259 2064 .

118 2071 257 2126 labnfluo
270 2053 461 2128 dicerisservus
474 2069 631 2124 oseibidis·
673 2070 750 2124 detur
771 2075 841 2128 enim
866 2095 947 2133 manu
970 2081 1070 2152 fingere
1097 2103 1179 2156 quam

118 2160 232 2221 torquet,
244 2165 271 2205 et
281 2156 409 2216 Demeam
420 2169 517 2226 parum
525 2147 630 2222 prospi·
673 2152 821 2221 parvulum.
837 2161 904 2210 Don.

118 2245 180 2282 cere
188 2231 285 2294 credit,
294 2251 382 2304 neque
390 2231 456 2286 adeo
468 2228 631 2284 animadver·
709 2231 769 2284 566.
779 2239 874 2286 Lauda
884 2235 951 2290 cod.
962 2238 1017 2291 len.
1030 2239 1091 2294 edd.
1104 2256 1136 2295 te.
1145 2273 1180 2286 -

117 2319 174 2360 tere
188 2308 327 2363 fallaciam.
339 2315 414 2367 Wsst.
673 2315 760 2362 Laudo
772 2326 807 2376 te,
818 2325 869 2368 etc.
879 2311 1021 2370 Absentem
1029 2319 1182 2390 alloquitur.

154 2389 214 2440 562.
228 2395 352 2457 Emptam.
365 2389 628 2455 Cod.1en.ereptm
672 2395 849 2442 -Patrissas
873 2393 970 2448 Similis
996 2414 1024 2448 es
1049 2401 1180 2471 majorum

118 2497 153 2507 -
164 2473 207 2518 Me
220 2469 367 2536 impulsore,
386 2487 428 2521 me
447 2467 580 2520 suadente.
595 2496 630 2506 --
672 2478 790 2532 tuorum,
798 2471 840 2524 vel
853 2472 952 2542 potius,
966 2473 1031 2538 mei,
1040 2477 1122 2547 patris
1129 2480 1179 2539 tui,

118 2550 201 2612 Hanc,
218 2545 518 2615 fidicinam-Emptam
528 2586 535 2612 ,
546 2565 563 2598 a
575 2543 629 2597 fra·
672 2551 765 2610 -Abi,
773 2566 831 2618 age,
839 2567 888 2602 vox
897 2549 1037 2614 laudantis,
1046 2566 1076 2606 ut
1085 2557 1180 2626 gallice

42 2621 46 2628 ’
118 2635 158 2676 tre
172 2643 231 2676 suo.
672 2623 814 2678 diceretur:
822 2629 888 2690 «Va,
894 2629 1179 2700 jeteregardecomme

154 2702 628 2771 astunensem.mprodueisss.
673 2723 710 2754 un
729 2703 836 2756 homme
854 2705 887 2758 de
905 2725 1005 2760 coeunt»
1025 2739 1059 2750 —-
1074 2715 1178 2778 Vimm,

118 2813 153 2822 -
162 2786 291 2845 Produxe,
304 2801 352 2852 pro
361 2785 525 2850 produxisse,
536 2780 569 2833 ad
580 2780 628 2831 vil·
672 2783 777 2852 supple:
791 2783 871 2835 etiam
886 2784 908 2836 si
922 2785 950 2838 in
961 2785 1012 2841 hac
1030 2789 1065 2842 sis
1086 2790 1177 2845 adole·

116 2861 331 2914 lamcomitatnm
341 2861 488 2915 deduxisse.
503 2862 629 2910 -Aibas
672 2860 783 2913 scentuli
792 2872 877 2914 utute.

117 2940 273 2994 Memoriter
289 2942 346 3012 ipsa
360 2941 447 2995 reddit
464 2941 559 3002 verba,
570 2956 628 3010 quae
707 2939 766 3011 567.
777 2945 897 2994 Laudas?
906 2948 962 3005 Noe,
974 2956 1022 3000 ete.
1030 2946 1092 3001 Mas.
1103 2949 1178 3020 quid.

117 3019 169 3090 ipsi
178 3019 281 3072 dixerat
293 3039 394 3082 servus,
408 3037 499 3090 supra,
514 3037 553 3072 vs.
568 3018 627 3080 403.
671 3021 810 3070 laudasne?
825 3023 884 3087 itte,
904 3035 952 3076 etc.
967 3055 1003 3066 -
1012 3030 1039 3076 Si
1051 3031 1144 3096 sapiet,
1155 3033 1178 3083 si

117 3130 151 3138 -
160 3105 273 3150 Factum.
286 3097 319 3150 Id
330 3110 384 3166 eet,
396 3097 517 3169 equidem
530 3095 628 3168 produ÷
670 3095 814 3168 prudenter
824 3099 894 3168 agit3
914 3113 939 3152 et
952 3102 993 3155 his
1003 3107 1090 3158 verbis
1104 3107 1178 3161 illam

116 3196 207 3230 reram
222 3181 416 3232 eum-Venit
420 3193 486 3244 post,
496 3197 546 3249 pro
557 3179 627 3229 redit.
670 3176 760 3228 innuit
779 3180 986 3246 contumaciam,
1013 3183 1041 3234 in
1065 3187 1179 3255 speciem

41 3293 44 3299 .
117 3288 152 3297 -
162 3261 304 3316 Insaniens,
317 3273 371 3327 prae
383 3257 483 3308 lurore.
670 3255 829 3308 confidentis
840 3257 1000 3310 innocentiae
1009 3275 1178 3333 assumptam.

153 3334 215 3398 564.
230 3341 288 3407 Nep
297 3337 420 3403 puduisse.
434 3335 544 3389 Codices
551 3319 626 3406 quid.
642 3383 643 3386 ,
706 3335 765 3386 568.
782 3337 855 3400 Quia.
871 3335 958 3387 Marlr.
979 3339 1050 3388 nimis
1064 3343 1132 3405 qnia.
1143 3373 1179 3384 -

115 3435 165 3466 non
177 3417 273 3482 puduit.
293 3415 346 3466 Alii
357 3415 469 3468 barbare
481 3435 529 3466 non
541 3417 630 3481 puduit
670 3417 784 3474 Fortiter,
801 3412 883 3464 scilic.
902 3413 975 3482 egisti
993 3415 1129 3486 Ctesipho.
1143 3450 1178 3462 -·

115 3513 148 3545 se.
168 3493 259 3548 West.
271 3523 307 3534 -
324 3497 369 3545 Nil
381 3497 501 3561 pepercit.
520 3493 628 3547 Nullam
670 3492 886 3557 Perqnam.Valde
896 3511 959 3547 vero
967 3506 1070 3546 strenue
1078 3497 1178 3566 egit.—

114 3573 247 3625 rationem
267 3574 322 3624 mei
338 3573 440 3624 habuit.
454 3603 491 3614 -
502 3575 628 3622 Hominem
671 3573 786 3620 Miseram
798 3573 930 3645 mulierem,
943 3571 1130 3626 citharistriam
1143 3578 1178 3628 ab

115 3671 213 3716 senem,
228 3651 284 3704 scil,
297 3672 343 3702 me.
364 3651 493 3704 Miserum
510 3649 541 3701 fit
554 3654 629 3702 aetate
671 3647 765 3700 lenone
777 3649 1100 3721 abreptam-Servatum.
1111 3654 1177 3706 Ora·

114 3729 154 3792 id,
164 3729 238 3801 quod
247 3730 281 3783 de
288 3728 441 3783 conditione
451 3747 508 3781 non
518 3739 628 3799 poterat.
671 3727 745 3778 torie.
764 3728 827 3780 Non
848 3748 960 3791 servum,
979 3729 1024 3782 sed
1043 3735 1178 3803 servulum,

115 3814 211 3860 Donat.
671 3825 755 3878 quum
768 3807 800 3860 sit
813 3827 898 3858 senex.

152 3887 213 3942 565.
228 3892 305 3938 Modo
323 3907 441 3954 puerum..
457 3887 531 3962 BenJ.
547 3885 628 3968 ‚Boin
708 3885 767 3952 569.
789 3889 852 3938 Hui!
866 3887 1014 3954 perfortiter.
1032 3888 1095 3941 Haec
1108 3889 1179 3963 Guy.

111 3987 182 4032 puer.
197 3971 281 4019 modo.
295 3997 331 4028 ,.-
344 3972 419 4033 Quem
428 3985 475 4033 ego
486 3970 568 4030 modo,
577 3978 627 4018 etc.
672 3965 774 4017 Demeae
781 3965 881 4017 tribuit.

199 4069 248 4134 n.
1000 4019 1037 4132 6Ι
