2776 4782
341 429 568 499 ancras.
596 426 703 498 ser.
732 429 800 513 rr,
827 430 896 499 sc.
924 433 951 498 r.
1100 434 1171 530 193

91 563 148 630 Ut
166 585 211 630 eo
227 584 332 630 essem
350 562 478 648 animo,
499 562 526 630 si
542 574 628 630 esset
645 575 761 630 nostro
776 585 817 630 ex
835 585 898 630 usu
917 562 983 632 hoc
1000 567 1173 638 matrimo-

262 665 389 735 nium?

94 775 163 842 Pu.
185 775 272 842 Tuu'
291 775 479 868 prospicere
493 786 551 841 aut
565 771 715 865 judicare
732 787 882 842 nostram
895 774 929 840 in
943 799 1014 842 rem
1025 777 1115 870 quod
1132 781 1174 849 sit

269 892 365 973 potes
381 875 414 947 l

37 993 40 1004 '
93 983 233 1053 Audisti
252 1010 293 1053 ex
307 982 418 1079 aliquo
433 985 587 1068 fortasse,
603 985 661 1078 qui
679 983 799 1053 vidisse
812 1009 888 1054 eum
902 983 1027 1056 diceret
1133 1010 1171 1052 ss.

93 1090 289 1159 Exeuntem
309 1105 367 1159 aut
383 1093 607 1160 introeuntem
625 1089 668 1158 ad
676 1092 836 1160 amicam:
854 1089 934 1184 quid
945 1105 1017 1162 turn
1034 1086 1171 1190 posteai¹

94 1197 131 1265 Si
149 1196 304 1266 modeste
324 1221 363 1265 ac
380 1222 457 1266 raro
471 1198 567 1283 fecit,
581 1221 693 1266 nonne
705 1220 744 1265 ea
757 1195 963 1267 dissimulare
977 1225 1038 1270 nos

93 1303 212 1397 Magis
227 1303 411 1373 humanum
421 1317 488 1392 est,
502 1327 602 1397 quam
611 1302 691 1372 dare
702 1328 854 1398 operam,
874 1302 909 1370 id
922 1307 1023 1386 scire,
1042 1309 1100 1402 qui
1111 1337 1172 1382 nos

262 1408 399 1478 oderit?
1125 1423 1129 1430 '

93 1514 188 1584 Nam
203 1515 231 1583 si
245 1515 272 1584 is
286 1531 399 1610 posset
416 1515 458 1584 ab
472 1537 511 1584 ea
529 1539 598 1584 sese
618 1507 796 1610 derepente
815 1515 972 1602 avellere,

42 1637 44 1647 ¹
95 1621 256 1710 Quacum
277 1635 328 1691 tot
347 1619 539 1692 consuesset
561 1645 684 1710 annos,
714 1646 784 1722 non
807 1635 884 1692 eum
910 1623 1080 1704 hominem
1108 1628 1170 1702 du.

260 1752 369 1796 cerem
1048 1821 1050 1826 ,
1133 1767 1171 1807 sss

95 1832 130 1904 N
130 1857 170 1902 ec
183 1834 295 1902 virum
307 1836 386 1904 satis
397 1834 532 1904 firmum
551 1848 667 1928 gnatae.
682 1835 779 1933 Mra.
796 1835 893 1903 Mitte
907 1833 1170 1931 adolescentem,

259 1941 416 2029 obsecro,

96 2166 205 2226 Uteurh
218 2171 337 2226 animum
346 2173 473 2227 haberem
486 2171 612 2226 adversus
656 2202 691 2212 ·-
704 2175 769 2238 Quid
780 2188 829 2225 mm
838 2183 947 2242 pastam
957 2177 1024 2247 quid
1034 2176 1098 2231 inde
1109 2198 1170 2233 con-

96 2269 173 2316 eum,
188 2253 234 2304 cui
248 2264 332 2306 mater
344 2253 403 2306 sim.
653 2250 798 2322 jiciendum
809 2263 848 2305 est
861 2252 944 2306 mali?

132 2329 193 2394 548.
204 2337 246 2383 Ea
255 2352 306 2384 usu.
318 2331 360 2386 Sic
370 2332 415 2385 Be.
428 2343 459 2384 ut
465 2351 511 2383 usu
520 2330 548 2383 in
557 2329 610 2384 arsi
692 2329 751 2382 552.
762 2337 899 2386 Naaneea.
910 2333 953 2386 Be.
967 2352 1011 2398 aa,
1022 2353 1096 2388 num.
1108 2337 1167 2408 plu-

95 2421 171 2474 esset‚
179 2429 234 2462 nou
245 2411 274 2462 iu
281 2411 441 2483 thesi.Vulg.
451 2431 486 2463 ecc
496 2431 539 2462 usu
549 2423 611 2463 esset
654 2409 704 2462 rali
716 2409 854 2474 olleusus,
874 2429 906 2464 ex
918 2411 1074 2467 auctoritate
1089 2415 1167 2470 codd.

96 2504 159 2541 nost.
178 2519 214 2530 -
231 2494 304 2542 Esset
320 2505 403 2542 nostro
418 2510 452 2542 ea
466 2509 520 2543 usu.
536 2488 610 2542 Utile
650 2507 725 2542 suos.
736 2491 838 2544 emittit.
859 2493 894 2544 At
915 2510 978 2545 vero
991 2494 1054 2546 item
1068 2497 1167 2568 plurali

97 2581 163 2623 esset
173 2569 304 2636 nohis‚et
316 2583 415 2624 nostrae
425 2569 495 2621 filia.
653 2579 734 2638 poeta
752 2569 835 2623 utitur
850 2569 920 2622 infra
938 2589 978 2624 vs.
997 2571 1057 2626 561.
1078 2581 1165 2631 Perlee.
1245 2613 1250 2624 .

131 2648 193 2718 549.
212 2651 244 2701 Iu
258 2650 290 2702 C.
310 2649 344 2701 G.
363 2668 400 2702 m.
417 2659 443 2702 et
456 2648 517 2702 Hal.
536 2649 609 2702 hunc
638 2663 689 2686 ·—-
713 2652 831 2700 Modesto.
854 2647 982 2702 Adhibito
1004 2651 1101 2705 modo:
1122 2657 1165 2708 vel

96 2744 201 2781 rusum
222 2727 362 2800 Myrrhina
389 2727 541 2791 continuam
566 2747 608 2782 se·
653 2736 724 2778 certe
735 2745 797 2779 cum
811 2725 914 2796 pudore
927 2739 954 2779 et
973 2728 1118 2798 modestia,
1136 2747 1165 2786 ut

96 2825 181 2876 quens
199 2806 307 2862 demum
320 2807 447 2860 tribuitur
462 2805 607 2878 Phidippo.
652 2804 767 2858 celatum
791 2804 912 2859 voluerit.
931 2835 967 2848 -
986 2811 1166 2878 Dissimulare,
1182 2826 1188 2837 ·

96 2916 130 2926 -
149 2891 294 2955 Prospicerc
319 2888 420 2940 sutura.
438 2917 474 2928 -
491 2891 608 2939 Iudicate
652 2883 754 2956 lingere
772 2883 906 2956 ignorare.

95 2967 243 3036 praesentia.
257 2996 293 3008 —
310 2971 433 3034 Nostram!
445 2969 470 3018 in
491 2986 557 3033 rem,
578 2967 608 3020 in
689 2965 751 3018 553.
765 2964 818 3032 Qui
827 2985 872 3017 nos
889 2967 975 3016 oderit.
996 2966 1093 3022 Sensus
1111 2983 1163 3034 est,

95 3045 234 3100 utilitatem
245 3055 373 3098 nostram.
651 3043 1167 3121 uteodetectomagisodiumPamphili

129 3125 189 3179 550.
203 3129 305 3193 Aliqua.
321 3124 411 3178 Nona
429 3135 502 3178 certa
515 3143 607 3196 perso·
650 3143 809 3180 mereamus.

95 3221 134 3255 ua.
141 3204 216 3257 Bene
234 3207 339 3272 aliquo:
357 3202 457 3256 ademit
473 3203 606 3258 indicibus
688 3204 749 3268 554.
762 3210 796 3255 Is.
808 3201 838 3254 C.
856 3200 890 3254 G.
906 3220 942 3254 m.
953 3205 1131 3269 ipsa-Nam
1141 3213 1164 3260 si

94 3283 286 3336 auctoritatem.
298 3313 334 3324 -
349 3286 400 3351 Qui
408 3285 607 3356 wirimundum.
651 3288 673 3336 is
687 3296 778 3351 posset.
796 3279 928 3334 Oratorie.
946 3279 1007 3333 Non
1025 3296 1164 3340 contentus

92 3361 152 3416 Nou
166 3366 210 3431 qui
222 3366 335 3415 uidisset.
651 3361 800 3416 defendisse
813 3357 991 3430 Pamphilum,
1001 3361 1053 3415 hoc
1065 3362 1123 3434 ipso
1131 3366 1164 3419 il.

127 3440 188 3495 551.
208 3448 348 3495 Exeuntem
369 3457 414 3493 aue
439 3444 605 3496 introeuntem.
651 3441 725 3504 lum,
744 3459 799 3513 quo
821 3449 958 3494 accusatus
981 3454 1036 3506 est,
1061 3443 1162 3499 laudat.

92 3519 224 3576 Posterius
234 3522 341 3594 quidem
353 3523 464 3576 verbum
472 3523 607 3594 heuequa·
644 3526 743 3590 *Danae

92 3599 150 3654 drat
171 3619 234 3654 cum
256 3601 313 3668 his,
334 3607 371 3654 ad
389 3605 506 3655 amicam.
526 3601 605 3654 Prius
687 3599 749 3652 555.
765 3603 883 3665 Quacum.
897 3598 1164 3666 Alqur'cum-Nan

92 3691 181 3732 autem
194 3699 379 3753 nequaquam
393 3699 488 3751 nempe
504 3699 559 3734 uon
569 3678 607 3731 di·
651 3699 706 3732 eum
717 3681 783 3730 hom.
796 3688 847 3730 etc.
866 3678 926 3732 Non
941 3679 1028 3748 solum
1036 3720 1044 3746 ,
1055 3681 1163 3753 inquit,

92 3759 244 3816 citureac're
257 3766 295 3812 ad
307 3764 425 3828 aliquem.
435 3763 552 3832 Σύλληψις
567 3773 605 3814 est
650 3759 732 3811 homo
744 3775 800 3810 non
813 3769 896 3825 esset,
914 3757 942 3812 id
962 3759 1034 3830 quod
1055 3763 1165 3818 forsitan

90 3838 607 3911 ergodtaroiae,utaitDonatu‘s,etcom·
650 3839 719 3892 nihil
727 3848 817 3891 nostra
825 3836 965 3903 intereram
975 3837 1022 3890 sed
1035 3841 1108 3911 quod
1116 3863 1165 3898 no.

90 3931 234 3990 paratuum
243 3919 606 3984 illoPh.vs.86,einludum
650 3922 690 3974 his
707 3918 853 3972 maximum
866 3929 921 3981 est,
933 3917 975 3972 vir
990 3919 1091 3975 stabilis
1101 3923 1163 3978 filia

90 3997 188 4052 ducere
204 4012 231 4054 et
249 4001 386 4058 reducere.
400 4028 412 4050 ι
432 4001 605 4054 Homericum
651 4016 772 4054 essenon
780 4006 878 4068 posset.
889 4001 954 4048 Dan.

90 4090 145 4146 est,
159 4081 286 4138 aitBoecl.
299 4079 484 4140 circumivisse
496 4081 604 4143 idcirce·
651 4090 653 4098 ’
687 4075 747 4132 555·
766 4077 835 4128 Mitte
843 4078 910 4128 ml·
920 4087 969 4130 ²²0·
983 4077 1090 4144 Omitte,
1100 4100 1161 4154 pre·

145 4195 193 4260 II.
597 4233 599 4238 .
983 4185 1028 4257 13
