2812 4788
247 361 317 438 150
463 364 647 434 PUBLII
679 363 933 434 TERENTII
960 363 1084 432 aaut

238 497 323 564 Pan.
344 523 361 560 «
374 497 448 564 Hoc
461 519 524 591 ego
534 487 699 590 proferre,
710 494 959 564 incommodum
974 494 1020 564 mi
1032 519 1103 564 esse
1117 493 1278 582 arbitron

239 599 346 670 Reddi
360 615 470 672 autem
484 601 586 695 patri,
604 602 658 670 cui
673 614 710 670 tu
726 600 773 670 nil
789 601 878 672 dicas
899 601 986 684 vitii,

237 694 424 800 Superbum
445 721 511 792 est3
540 706 598 776 sed
614 705 703 776 illam
715 709 833 801 spero,
851 708 909 782 ubi
922 707 1118 801 cognoverit
1268 731 1300 768 ιω
1388 759 1389 798 ³

238 813 316 882 Non
337 838 433 908 posse
449 837 483 882 se
498 837 629 884 mecum
643 838 729 900 esse,
743 815 907 882 abituram
921 813 1074 906 denique.
1090 842 1108 878 u
1388 813 1389 906 J

237 918 299 987 ΡΗ.
316 917 432 1008 Quid?
447 921 573 990 interea
587 921 699 988 ibatne
714 920 757 988 ad
769 917 993 990 Bacchidem?
1012 922 1096 990 Pan.
1113 918 1283 1007 Quotidie.
1388 929 1389 960 ³

238 1023 319 1111 Sed,
334 1039 372 1093 ut
388 1024 441 1112 fit,
460 1040 637 1120 postquam
650 1026 742 1096 hunc
758 1025 900 1096 alienum
919 1026 961 1094 ab
977 1050 1048 1094 sese
1064 1025 1173 1110 videt,

237 1128 385 1225 Maligna
399 1130 506 1202 multo
525 1146 559 1202 et
575 1133 680 1226 magis
698 1157 823 1226 procax
840 1132 928 1202 facta
945 1131 1032 1202 illico
1046 1146 1105 1202 est.
1202 1157 1208 1166 ·

238 1238 300 1306 ΡΗ.
310 1236 388 1305 Non
399 1236 525 1332 aedepol
536 1239 669 1308 mirum.
681 1241 766 1308 Pan.
778 1241 888 1334 Atque
898 1263 937 1308 ea
948 1264 999 1308 res
1012 1237 1119 1308 multo
1132 1261 1289 1306 maxume

237 1342 404 1436 Disjunxit
417 1342 508 1412 illum
523 1343 564 1413 ab
580 1343 654 1430 illa3
672 1360 847 1438 postquam
860 1359 893 1414 et
906 1346 977 1440 ipse
991 1369 1042 1432 se,
1121 1417 1123 1426 ,
1270 1367 1302 1404 1⁶¹

238 1450 282 1516 Et
296 1447 403 1534 illam,
422 1464 456 1518 et
471 1449 559 1520 hano
574 1475 647 1543 quer
662 1451 752 1520 domi
765 1465 851 1536 erat,
863 1453 1022 1545 cognovit
1035 1451 1130 1536 satis,

237 1553 289 1622 td
307 1553 497 1650 exemplum
506 1556 681 1626 ambarum
695 1581 805 1628 mores
818 1574 932 1628 earum
949 1559 1159 1628 existumans.

236 1739 275 1782 eat
288 1727 396 1800 optimae
409 1727 568 1782 adolescenti
579 1729 667 1782 facere
677 1729 748 1803 inju·
831 1729 890 1782 156.
902 1736 998 1782 Mecum
1007 1748 1066 1800 csse.
1081 1727 1190 1780 Mecum
1196 1727 1305 1789 versari,
1389 1727 1390 1734 ’

237 1807 313 1860 riam.
327 1831 339 1854 ι
353 1808 413 1860 Non
429 1809 481 1862 alia
492 1809 537 1862 hic
551 1809 689 1863 sententia.
699 1817 749 1860 Pu·
792 1810 883 1861 uxoris
894 1808 961 1862 loco.

238 1889 320 1937 dicum
345 1897 453 1950 autem,
470 1887 658 1942 verecundiam
675 1888 749 1942 illam
830 1888 889 1959 157.
909 1891 998 1957 Qur'de²
1016 1891 1064 1939 int.
1082 1889 1175 1938 ibatne.
1192 1884 1236 1938 sic
1256 1883 1306 1936 dis·

236 1963 694 2038 notat‚quamPamphilusipsesihi
704 1966 749 2020 de·
793 1966 938 2037 tinguimus
956 1985 989 2019 ex
1004 1965 1110 2018 Bothio.
1124 1967 1235 2031 -Quid
1241 1972 1255 2014 θ
1275 1963 1304 2014 Iu

237 2043 306 2108 buit,
320 2041 460 2114 indignum
478 2044 582 2096 seiilud
596 2047 747 2100 existiman·
792 2045 878 2114 prima
896 2043 1102 2115 interrogatione
1120 2043 1159 2096 sic
1171 2042 1305 2115 praeponi·

237 2103 282 2184 do,
294 2121 367 2192 qnod
376 2123 409 2174 ab
418 2123 556 2175 honestate
571 2135 674 2178 tantum
691 2125 747 2177 ahi·
791 2138 845 2188 tur,
858 2143 908 2178 nec
928 2143 943 2176 a
961 2123 1086 2177 sententia
1102 2133 1229 2175 caeterum
1242 2139 1306 2191 pen·

235 2214 283 2255 ret.
297 2202 351 2268 Qui
362 2203 432 2255 enim
442 2204 514 2258 ahuti
520 2201 748 2269 honesta'fcmina,
791 2203 849 2266 det,
859 2217 890 2256 ut
903 2205 972 2257 bene
989 2202 1172 2256 animadvertit
1184 2199 1305 2252 Bothins.

236 2289 262 2332 et
276 2292 366 2351 postea
375 2279 507 2334 dimittere
518 2299 575 2334 eam
589 2283 617 2333 in
629 2284 748 2336 animum
830 2283 887 2336 158.
905 2292 1049 2352 Postquam.
1068 2281 1146 2335 Both.
1166 2279 1233 2334 add.
1248 2283 1304 2331 itta.

236 2357 387 2422 induceret,
400 2359 526 2430 injuriam
540 2371 656 2414 atrocem
670 2364 699 2414 in
716 2363 748 2414 il·
792 2361 952 2412 -Alicuum
968 2367 1000 2412 ab
1014 2381 1075 2414 sese.
1091 2360 1122 2412 ld
1137 2368 1192 2422 est,
1206 2359 1241 2410 ab
1255 2358 1305 2412 aiio
1390 2413 1391 2422 J

181 2475 185 2479 -
238 2439 299 2504 lam,
309 2437 505 2509 turpitudinem
519 2439 546 2490 in
556 2456 585 2492 se
599 2435 748 2494 admitteret
792 2457 841 2510 per
856 2439 985 2510 legitimas
998 2439 1105 2511 nuptias
1118 2437 1268 2510 possideri,
1282 2452 1308 2489 et
1390 2429 1391 2466 ³

237 2517 389 2570 maximam.
410 2517 519 2590 Injuriae
538 2521 621 2586 pictas
645 2521 747 2583 obstat,
792 2517 843 2572 sibi
856 2518 932 2589 quari
945 2531 1075 2592 ereptum.
1390 2549 1391 2594 J

238 2593 399 2668 turpitudini
408 2600 498 2664 pudor.
510 2621 520 2642 ι
831 2598 890 2670 159.
899 2603 985 2651 Multo.
994 2600 1034 2650 Al.
1045 2597 1204 2656 multumral.
1216 2601 1307 2664 megin
1390 2595 1391 2598 ’

276 2676 336 2730 153.
349 2681 413 2744 Ego.
427 2677 469 2729 Br.
484 2695 551 2745 crgo.
570 2707 605 2716 -
619 2677 665 2731 Mt
679 2679 748 2745 Alii,
793 2678 826 2730 al.
835 2697 915 2746 mage.
928 2708 964 2719 -
976 2680 1101 2746 Maligna,
1115 2675 1305 2729 disficrrltatem

238 2759 304 2808 milri.
317 2786 352 2796 -
361 2757 479 2824 Prolem.
492 2757 563 2810 Patri
579 2777 640 2811 meo
652 2777 750 2812 rennn-
794 2757 836 2812 sui
845 2757 995 2812 ostendens.
1008 2787 1042 2798 -
1055 2764 1165 2816 Procax,
1178 2754 1307 2826 dispolia-

181 2827 186 2838 ’
237 2837 311 2888 tiare.
323 2834 412 2886 Verba
435 2834 567 2904 Pamphili
585 2849 647 2889 sunt
668 2839 750 2890 etiam
793 2835 844 2888 trix
855 2848 879 2889 et
887 2847 976 2908 petax.
988 2841 1095 2888 Procarc
1103 2835 1174 2887 enim
1187 2843 1226 2886 est
1235 2846 1306 2904 pete-

237 2931 320 2965 nunc.
338 2941 374 2952 -
383 2916 566 2964 Incommodum
584 2915 625 2966 md
639 2916 701 2968 Scil.
715 2919 751 2970 oh
794 2933 833 2968 re.
845 2916 918 2987 Virg.
931 2919 993 2968 AEn.
1008 2917 1030 2978 Ι,
1045 2915 1114 2970 538:
1130 2941 1143 2960 κ
1160 2917 1307 2980 procacibus

237 3007 374 3043 rumorem
385 2989 520 3042 sinistrum
536 3002 561 3044 et
576 2993 644 3045 iram
657 2995 751 3064 patris,
794 2994 919 3058 rustris„
939 2995 957 3047 i.
973 3013 996 3047 e.
1010 2993 1220 3065 impudentibus.
1239 2995 1307 3046 Nam

238 3070 285 3142 qni
295 3081 388 3123 auctor
400 3082 439 3124 est
451 3070 547 3124 harum
558 3073 721 3144 nuptiarum.
793 3073 842 3144 qui
852 3073 965 3126 muitum
978 3073 1062 3144 petit,
1078 3071 1220 3144 impudens
1232 3083 1273 3124 est
1283 3086 1309 3124 et

277 3150 336 3214 154.
358 3153 403 3206 cut
419 3165 453 3202 tu.
472 3151 514 3204 ΑΙ.
534 3169 589 3205 non
603 3166 751 3223 agnoscunt
794 3169 903 3221 procax.
920 3151 999 3204 Unde
1017 3163 1044 3205 et
1055 3155 1128 3220 proci
1147 3151 1214 3204 dicti
1232 3164 1308 3212 sunt,

239 3245 274 3281 ta.
290 3259 325 3271 -
338 3233 418 3296 Patri,
437 3231 545 3304 proprio
559 3233 654 3304 puellae
666 3234 749 3303 patri,
794 3231 841 3301 qui
853 3229 922 3283 filias
943 3231 1042 3284 alienas
1057 3231 1087 3284 in
1105 3231 1307 3284 matrimonium

237 3308 380 3382 Phidippo.
399 3313 498 3363 -Cui
514 3325 540 3362 tu
558 3313 673 3363 uildicas
687 3315 749 3366 aricii.
793 3311 934 3381 petierunt.
948 3315 1014 3363 Dou.

238 3390 329 3454 Quum
338 3389 410 3442 nulla
420 3389 454 3442 sit
464 3389 540 3462 culpa
552 3389 611 3442 fllia
621 3407 679 3462 quae
688 3409 749 3462 pos·
832 3393 888 3442 160.
907 3394 1022 3457 AEdcpot.
1033 3389 1075 3442 Al.
1088 3391 1159 3454 oepol.
1168 3419 1205 3429 ·-
1215 3394 1308 3456 Atque.

239 3467 273 3520 sit
286 3467 446 3540 objici—In
461 3488 512 3521 usu
526 3483 615 3522 autem
628 3469 749 3522 secundae
793 3471 861 3521 Don.
876 3471 955 3536 utqui.
971 3497 1006 3508 —
1015 3472 1079 3520 *Nou
1097 3471 1194 3536 aedepol
1207 3471 1308 3520 mirum.

237 3546 315 3618 hujus
332 3563 453 3618 personae
466 3551 550 3608 dicas,
568 3549 635 3602 inest
645 3547 748 3621 aliquid
793 3547 836 3600 Ait
843 3548 954 3602 Philotis
963 3566 1018 3600 non
1027 3546 1126 3600 mirum
1134 3547 1310 3618 esse,siquid

177 3627 179 3633 ’
238 3626 417 3692 difficultatis3
439 3645 522 3698 quum
554 3647 631 3698 posse
657 3627 750 3681 referri
793 3628 820 3681 in
832 3628 1001 3699 Pamphilum
1018 3625 1111 3679 durius
1128 3626 1310 3679 consuluisset

237 3703 357 3760 videatur
383 3705 419 3758 ad
447 3705 638 3762 Parmenonem
646 3727 658 3773 ς,
677 3711 748 3760 dicus
792 3708 954 3761 Barchin-
967 3703 1308 3777 Eoruntalismalignitas.

238 3788 748 3856 autemestproquisdiccrepossit‚ethic
830 3790 1003 3851 ronntiua,
1017 3785 1156 3840 Bacchide.
1254 3807 1257 3812 ·

237 3866 412 3933 peculiariter,
422 3883 481 3938 pro,
488 3883 536 3934 ego
547 3869 629 3918 dicere
633 3870 735 3934 possim.
829 3869 889 3920 162.
903 3872 995 3932 Illam,
1016 3865 1184 3920 meretricem
1198 3865 1309 3917 malam.

275 3943 332 3995 155.
343 3949 487 4014 Superbum,
503 3946 650 4003 fastuosum
662 3987 670 4012 ,
681 3964 746 3998 con·
792 3979 826 3988 -
840 3953 922 4013 Hanc,
936 3965 1046 4000 uxorem
1061 3943 1220 3998 modestam.

211 4085 215 4093 J
235 4021 412 4076 tumeliosum.
587 4047 605 4072 ·-
830 4027 888 4080 ι63.
906 4031 948 4078 Ad
961 4029 1067 4094 exempl.
1085 4027 1162 4079 Bent.
1178 4027 1217 4076 ad
1226 4043 1311 4076 amus-
