2824 4778
117 333 430 542 'runnu
482 419 931 545 tunsurus
979 414 1191 550 Arri

466 635 850 840 PHORMIO.

540 961 781 989 -ᾤ-ῆ

455 1133 865 1226 PROLOGUS&

591 1340 726 1361 -n-

123 1501 377 1624 POSTQUAM
400 1555 499 1636 poeta
527 1547 623 1610 velus
644 1555 776 1636 poetam
796 1565 864 1610 non
887 1556 998 1634 potest

120 1648 307 1718 Retrahere
323 1647 366 1715 ab
387 1647 513 1736 studio,
529 1662 563 1716 et
581 1647 752 1717 transdere
771 1646 941 1716 homine-m
961 1650 994 1715 in
1014 1649 1138 1737 otium;

118 1754 310 1824 Maledictis
327 1752 513 1840 deterrere,
533 1778 576 1822 ne
594 1753 733 1834 scribat,
756 1765 863 1847 parat.

118 1863 190 1950 Qui
211 1863 258 1930 ita
277 1860 428 1946 dictitat,
447 1884 530 1954 quas
552 1860 694 1929 antehac
715 1859 795 1928 fecit
814 1855 957 1946 fabulas,

117 1968 227 2036 Tenui
246 1971 318 2036 esse
338 1966 488 2036 oratione
508 1980 543 2035 et
560 1967 723 2062 scriptura
745 1963 829 2050 levi,
1178 1980 1189 2018 ⁵

152 2179 166 2206 *
178 2183 307 2248 Prologus.
322 2178 421 2232 Donati
434 2176 632 2232 adnotationem
675 2181 750 2239 ders,
770 2177 808 2231 sic
828 2177 939 2232 Veteres
962 2178 1120 2247 sonantius,
1152 2181 1188 2233 ait

116 2258 146 2310 in
158 2257 235 2312 hunc
243 2258 383 2330 prologum
391 2256 468 2313 valde
478 2257 632 2330 diligentem
676 2257 810 2318 Donatus,
828 2255 902 2328 quod
914 2276 964 2310 nos
972 2256 1062 2312 leuius
1074 2257 1189 2314 dicimus

116 2349 143 2390 et
163 2335 295 2389 eruditam
312 2335 461 2409 proclamat
477 2335 628 2396 Boeclerus3
675 2338 792 2397 tradem
816 2347 843 2388 et
869 2337 1006 2408 intellige,
1029 2340 1188 2401 transferre,

114 2433 197 2488 quam
211 2432 276 2488 ergo
289 2427 372 2467 totam
389 2413 446 2467 fere
460 2412 632 2468 desumimus.
675 2414 825 2468 traducere.
840 2421 919 2467 -1n
932 2419 1023 2480 otium,
1034 2416 1064 2468 in
1075 2418 1187 2470 otiosam

154 2513 179 2548 1.
195 2499 272 2546 Poeta
284 2507 365 2546 uetus.
383 2492 515 2548 C.G.m.
534 2494 631 2549 invert.
674 2493 857 2547 certationem.
942 2547 948 2562 .

114 2572 632 2644 uetpoeto.Supscriptmalediceua-
711 2573 743 2644 3
760 2565 912 2626 Maledictis.
937 2572 961 2623 A
986 2573 1066 2626 rebus
1088 2567 1188 2626 scilicet

113 2641 250 2720 Postduam
257 2667 335 2721 poeta
345 2665 433 2719 vetius,
445 2663 496 2705 ete.
509 2651 568 2704 Hoc
580 2652 632 2703 ini·
674 2652 818 2718 exclusus,
840 2649 874 2704 ad
895 2651 977 2705 verba
998 2650 1122 2722 delapsus
1141 2663 1188 2704 est.

113 2733 184 2787 tium
195 2750 212 2784 a
221 2730 399 2784 destructione
407 2749 527 2803 persona
539 2729 631 2783 adver-
674 2735 740 2782 Don.
749 2760 786 2771 -
798 2736 838 2782 No
847 2731 955 2794 scribat,
970 2731 1121 2786 comoedias.

112 2811 179 2865 sarii
189 2812 311 2874 sumitur,
319 2810 490 2882 conjunctum
499 2827 561 2861 cnm
570 2809 633 2863 insi·
712 2818 737 2880 4.
752 2811 876 2862 Antehac.
894 2808 938 2862 Sic
951 2810 1001 2862 Do.
1017 2811 1050 2863 In
1072 2813 1091 2864 l.
1103 2815 1185 2884 antiq.

111 2889 244 2945 nuatione
252 2889 632 2964 personaeTerentianoe.Adde
675 2904 742 2955 ante,
755 2887 828 2964 quod
840 2899 912 2941 recte
921 2889 1036 2942 refertur
1044 2890 1078 2944 ad
1087 2891 1187 2945 Teren·

111 2981 238 3022 notatum
248 3007 256 3033 ,
265 2968 420 3022 Terentium
432 2968 475 3020 vix
485 2987 564 3021 usum
574 2987 630 3026 esse
674 2968 789 3020 tium.-
800 2970 848 3035 Qui
859 2970 893 3026 ita
907 2971 1019 3035 dictitat,
1035 2983 1087 3024 etc.
1102 2971 1136 3024 Τὸ
1150 2975 1186 3022 ita

110 3049 243 3122 prologis,
253 3049 304 3102 nisi
312 3066 396 3119 quum
404 3045 528 3102 habuerit
535 3047 629 3102 adver·
672 3045 771 3100 indicat
783 3066 843 3120 quae
864 3061 1022 3122 sequuntur,
1040 3071 1103 3118 quas
1118 3067 1187 3102 unte·
1243 3062 1254 3078 ·

111 3127 224 3183 sarium.
239 3126 308 3180 Vide
325 3143 366 3179 rs.
381 3126 425 3189 13,
440 3133 480 3190 14.
500 3157 535 3168 -
553 3133 628 3178 Poeta
671 3129 736 3190 lac,
750 3139 800 3181 etc.
811 3145 896 3200 usque
908 3127 934 3179 in
947 3127 1028 3180 finem
1039 3131 1184 3194 sententie.

110 3221 197 3259 uetus.
210 3205 292 3258 Poeta
305 3223 403 3270 senex3
420 3203 492 3258 idem
511 3205 557 3258 ille
574 3208 627 3259 Lu·
671 3237 706 3246 —
722 3209 831 3260 Dictitat.
849 3206 1047 3278 Impudentiam
1070 3208 1185 3262 ostendit

109 3285 185 3340 scius
201 3284 366 3339 Lanuvinus.
389 3315 425 3326 -
444 3292 559 3353 Portam,
578 3304 626 3338 no·
670 3303 718 3356 per
730 3285 956 3363 frequentativum
969 3285 1089 3338 verbum.

108 3375 208 3417 strum.
220 3363 309 3417 Scilic.
319 3363 482 3417 Terentium.
494 3395 530 3404 -
543 3371 626 3434 Postq.
707 3363 731 3417 5.
748 3367 842 3427 Oratio,
852 3365 880 3416 in
891 3381 969 3417 sensu
979 3376 1032 3430 est;
1050 3368 1167 3433 scriptura
1176 3415 1184 3439 ‚

109 3464 162 3505 nou
174 3457 265 3510 potest.
276 3442 345 3496 Nota
352 3457 486 3511 postquam
496 3442 567 3514 apud
575 3445 627 3496 Ve·
671 3447 700 3495 in
717 3443 818 3506 verbis,
840 3455 866 3498 et
883 3445 912 3498 in
930 3461 1026 3514 genere
1041 3444 1183 3498 scribendi.

108 3534 182 3576 teres
202 3539 259 3574 non
276 3519 409 3592 praeterito
428 3533 551 3588 tantum,
579 3521 627 3574 sed
672 3522 833 3594 Imperitum
850 3521 955 3575 inducit
972 3521 1184 3583 criminatorem,

108 3602 194 3654 etiam
217 3600 341 3671 presenti
370 3600 484 3672 tempori
509 3600 627 3672 adjungi.
672 3600 719 3672 qui
737 3600 789 3656 boe
807 3601 932 3672 objiciat,
953 3599 1024 3672 quod
1044 3603 1183 3676 proprium

107 3681 146 3742 Ut
160 3677 237 3750 Virg.
247 3678 338 3749 Eclog.
349 3679 381 3742 1,
395 3679 445 3732 31:
464 3678 627 3752 «Postquam
671 3679 752 3733 debet
761 3698 818 3733 esse
830 3680 926 3733 comici
941 3678 1010 3751 styli.
1025 3681 1124 3733 Revera
1137 3699 1184 3733 au·

107 3779 158 3814 nos
172 3758 316 3834 Amaryllis
329 3757 424 3821 habet,
441 3758 552 3813 Galatea
566 3759 627 3812 reli·
669 3771 723 3812 tem
738 3759 788 3812 hoc
799 3757 914 3812 deterior
925 3757 1074 3810 Menandro
1083 3760 1184 3814 Teren·
1226 3817 1227 3822 ,

106 3839 204 3911 quita
253 3833 255 3838 ’
539 3875 543 3884 ι
669 3839 721 3892 tius
728 3838 908 3912 judicabatur,
919 3835 992 3909 quod
1004 3837 1090 3891 miurus
1103 3841 1183 3893 subli-

145 3909 174 3972 η’.
189 3921 230 3969 Ab
244 3921 333 3975 studio.
347 3916 461 3970 Additur
481 3919 508 3970 in
527 3935 551 3970 c.
566 3917 624 3970 Hal.
671 3918 707 3970 mi
722 3917 843 3970 oratione
856 3905 981 3969 aleretur.
1001 3915 1081 3980 Quod
1096 3919 1183 3991 ipsunt

106 3999 283 4070 componendi.
298 3997 420 4050 Glossam
439 3997 514 4070 sapit.
533 4027 568 4038 -
587 4001 626 4049 Ab
670 4015 742 4048 nunc
762 4008 874 4068 purgat,
896 3994 985 4047 dicens
1006 3995 1034 4048 in
1057 3998 1183 4071 trogoedia

105 4079 190 4130 studio
205 4076 324 4150 poetices
342 4077 460 4132 comica.
481 4108 515 4120 -
537 4081 624 4130 Trans·
670 4075 762 4130 altiora
774 4073 886 4128 transire
897 4092 981 4147 posse.
992 4079 1081 4130 Donat
1094 4110 1132 4141 -.
1142 4083 1184 4129 Te·
