2834 4788
245 409 293 480 38
462 407 644 476 PUBLII
671 403 933 474 TERENTII
959 403 1081 472 AFRI

243 543 369 610 Verum
389 540 476 607 enim
497 539 630 633 quando
648 540 732 608 bene
748 539 951 634 promeruit,
968 536 1027 606 fiat
1043 561 1050 604 :
1066 557 1161 605 suum
1175 535 1230 627 jus
1247 557 1305 628 pe-

401 641 510 714 stulot.

242 755 330 846 Age,
348 751 417 845 jam
439 751 551 842 cupio,
573 750 673 819 modo
692 753 719 819 si
739 762 913 845 argentum
931 745 1056 818 reddat.
1073 745 1139 816 Sed
1157 767 1220 840 ego
1238 745 1305 814 hoe

399 853 561 924 hariolor:

242 961 311 1030 Ubi
329 985 381 1028 me
399 959 512 1030 dixero
534 960 613 1029 dare
631 963 729 1048 tanti,
748 975 846 1032 testes
867 957 1073 1045 faciet-ilico,

242 1065 437 1134 Vendidisse
448 1091 518 1154 me;
530 1066 571 1134 de
583 1081 720 1161 argento
733 1070 906 1137 somnium.
921 1068 1043 1148 «Mox,
1056 1063 1217 1132 crosredi.
1228 1092 1246 1128 o
1265 1092 1307 1130 ,οε

241 1171 282 1240 ld
303 1196 434 1266 quoque
452 1197 587 1266 possum
608 1173 708 1262 ferre,
726 1176 753 1243 si
770 1173 871 1244 modo
887 1171 1022 1257 reddat3
1038 1193 1238 1264 quamquem
1255 1171 1305 1237 in-

133 1268 136 1272 *
397 1278 520 1370 jurium
539 1276 589 1347 ἐι.

244 1385 369 1452 Verum
397 1386 508 1480 cogito
534 1383 568 1452 id
598 1383 688 1480 quod
715 1411 768 1454 res
797 1399 864 1472 est,
885 1381 1017 1478 quando
1041 1405 1116 1450 eum
1144 1396 1305 1473 quaestum
1408 1409 1409 1428 ³

402 1513 586 1584 occeperis,

243 1673 294 1724 dem
305 1683 414 1743 emptam.
422 1673 469 1726 122.
478 1673 593 1743 postulat
600 1671 669 1724 hane
674 1671 753 1737 tradi,
798 1683 918 1725 crateram
928 1670 1060 1724 actionem
1073 1667 1106 1722 de
1116 1669 1218 1722 foribus
1228 1669 1308 1722 ettra·

243 1763 360 1823 emptam
377 1769 392 1804 a
409 1765 523 1805 teranto
541 1754 643 1824 pretio,
655 1763 754 1822 quanto
798 1752 865 1817 etin,
878 1749 912 1803 de
922 1749 1078 1802 verberibus
1089 1765 1122 1801 ac
1134 1759 1173 1801 tot
1185 1747 1306 1820 injnn'is,

244 1844 365 1884 eetame
375 1843 473 1900 empta.
485 1833 544 1884 Hoc
559 1844 648 1884 autem
662 1832 754 1902 inique
800 1849 865 1901 quas
882 1830 963 1901 paulo
983 1842 1044 1881 unte
1068 1828 1244 1898 exaggeravit,
1253 1828 1305 1880 huc

244 1911 333 1962 serunt
347 1921 507 1962 mercatores
517 1911 562 1980 qui
579 1930 638 1964 tuae
654 1921 754 1964 mercen
799 1911 856 1981 ipra
867 1909 1041 1962 transactione
1050 1907 1181 1978 exstingui
1190 1925 1198 1958 ε
1208 1906 1308 1960 deinde

245 1987 651 2060 pinrirvoluutvendere,quem
663 1991 756 2060 quenti
797 1988 1028 2053 metuit,aieemel
1041 1985 1121 2040 iidem
1131 1987 1247 2056 emptori
1257 1987 1309 2040 ha·
1409 2039 1410 2058 2

245 2080 366 2120 emerunt
380 2067 440 2138 ipsi.
458 2069 493 2120 Et
508 2068 561 2120 huo
576 2069 690 2138 pertinet
697 2070 753 2122 Cic.
797 2068 902 2133 buerit,
920 2065 1064 2120 difficulter
1077 2085 1105 2118 ee
1117 2079 1308 2136 accepturum,

245 2148 273 2199 in
288 2148 368 2200 Verr-
393 2148 450 2211 111,
475 2165 545 2216 19²,
566 2146 663 2200 eitante
685 2147 754 2200 Perl.
798 2147 873 2218 quod
895 2146 1042 2199 debeatur:
1056 2145 1214 2198 AEechiuum
1235 2146 1308 2198 enim

248 2252 260 2273 ι
275 2227 449 2290 Memnones,
467 2226 608 2296 inquiens,
626 2245 682 2278 non
700 2239 754 2278 tan·
798 2227 900 2298 eingula
913 2224 1049 2279 dicturum
1063 2243 1121 2294 quaa
1139 2225 1239 2278 morosi
1254 2223 1307 2278 de·

246 2305 318 2356 tidem
336 2303 475 2370 vendunt,
491 2310 575 2377 quanti
592 2319 721 2359 emerunt.
739 2331 751 2352 ι
799 2307 899 2359 bitcres
918 2305 1020 2358 colent:
1032 2323 1104 2366 neon,
1123 2305 1309 2369 winemarus

246 2417 286 2426 -
308 2384 429 2438 Postulat.
444 2385 515 2438 Bene
530 2383 629 2438 dicitur
640 2385 684 2436 hie
696 2404 755 2438 ver·
799 2385 866 2449 redi,
884 2397 914 2438 ut
932 2384 1058 2454 accipiam
1077 2381 1164 2436 donee
1185 2403 1234 2454 per
1246 2385 1311 2438 teies

246 2465 310 2516 bum
324 2464 537 2535 forense,quum
547 2463 756 2517 AEtchinusnon
798 2461 1311 2532 morarevaueacatdeniqueforaanres

247 2543 406 2596 recusaverit
421 2543 459 2596 ire
472 2543 501 2594 in
512 2545 564 2614 jus.
798 2556 862 2596 tote.
878 2543 937 2595 Hoc
950 2543 1021 2596 enim
1034 2541 1208 2612 vult,qunm
1222 2541 1310 2606 dicit,
1410 2587 1411 2592 ,

296 2641 359 2676 aon.
381 2623 472 2674 Verum
494 2627 563 2674 enim.
587 2622 755 2693 Quamquam
798 2623 920 2687 vested,
937 2623 1306 2692 Deargentosomium,i.e.
1410 2619 1411 2628 ¹

247 2703 348 2756 ironice
356 2703 412 2756 haee
425 2700 491 2756 dicit
500 2702 609 2766 Sannio,
620 2703 756 2756 mitescere
797 2703 866 2756 nihil
881 2701 1020 2772 accipiam,
1032 2701 1107 2772 quani
1118 2701 1177 2772 quie
1191 2701 1308 2755 diceret:
1337 2630 1351 2770 i

248 2797 335 2836 tumen
346 2781 466 2845 videtur,
476 2795 502 2833 et
514 2781 548 2834 de
558 2801 605 2834 ouo
618 2784 678 2852 jure
691 2800 756 2834 con·
802 2808 814 2830 ι
831 2783 977 2851 Argentum
994 2800 1049 2834 non
1067 2779 1179 2845 videbo,
1192 2781 1245 2834 nisi
1261 2801 1311 2851 per

248 2859 350 2913 cedere.
363 2861 617 2928 Wart-Quando
630 2861 756 2929 benepta-
799 2862 942 2914 nomnium.
957 2886 969 2906 ι
995 2861 1085 2912 Morte
1097 2859 1223 2930 equidem
1240 2861 1311 2914 ferre

249 2942 342 2990 meruit.
362 2937 497 3002 Quoniam
521 2936 588 2990 adeo
610 2939 707 2989 meruit
727 2951 757 2989 ut
789 2957 921 3009 ,pereum
935 2937 1311 3011 dummodoreddetdenique

249 3018 302 3079 illi,
320 3033 399 3087 aquo
410 3016 549 3087 vapulavi,
565 3033 669 3068 morem
681 3034 755 3086 gere·
798 3018 949 3088 pecuniam.
974 3019 1125 3091 Quamquam
1143 3019 1311 3090 mjwium'rt,

249 3115 316 3150 rem.
327 3128 368 3138 —
379 3096 451 3157 Fiat,
464 3093 537 3165 quod
551 3097 617 3148 vult.
630 3127 671 3138 --
681 3095 757 3148 Saum
798 3097 904 3162 scilieet,
916 3095 987 3168 adigi
998 3110 1027 3150 ut
1036 3097 1134 3154 vendas
1145 3097 1220 3170 quod
1230 3099 1311 3154 nolis.

244 3177 286 3246 jus
292 3176 407 3246 postulat.
416 3174 543 3245 Reposcit
553 3173 627 3246 quod
636 3174 703 3244 ipsi,
716 3194 756 3226 ee·
802 3177 905 3230 umet.

249 3253 367 3308 cundum
375 3257 432 3326 jus,
444 3253 524 3308 debat
534 3254 625 3308 tribui.
639 3254 756 3308 Isonioe.
842 3255 907 3309 205.
927 3255 1058 3310 Somnium.
1079 3257 1188 3310 Comice
1202 3275 1210 3322 ;
1232 3255 1308 3310 idern

292 3334 356 3388 203.
370 3334 402 3386 L.
420 3333 502 3404 antiq.
522 3334 616 3387 invert.
636 3338 657 3384 si
676 3333 754 3386 modo.
800 3332 872 3406 quod
885 3355 951 3388 vana
966 3353 1028 3402 ree,
1044 3337 1094 3390 Ph.
1111 3337 1166 3406 873
1177 3357 1186 3402 5
1196 3337 1309 3390 Lucian.

250 3415 283 3468 C.
299 3413 334 3468 G.
353 3433 388 3468 m.
404 3414 501 3465 ertator.
521 3413 585 3484 Sap.
608 3413 698 3483 script.
717 3413 756 3465 di·
799 3415 826 3466 in
840 3413 1003 3468 Harmonide
1019 3433 1026 3467 :
1046 3407 1253 3486 Orcitunicam,
1265 3417 1309 3470 καὶ

247 3497 311 3545 eino.
323 3495 391 3549 Item
404 3493 508 3546 Erasm-
521 3493 580 3544 aine
589 3491 604 3542 t
613 3491 753 3564 aspirante.
799 3496 864 3548 ἐπῶν
878 3496 955 3548 σκιαί.
970 3493 1036 3547 Perl.

250 3601 290 3612 -
307 3572 384 3626 Modo
400 3575 430 3625 si.
448 3569 610 3624 Dummodo.
626 3604 668 3615 -
681 3573 756 3637 Hoc,
837 3572 942 3628 .206.St
952 3575 1022 3628 modo
1033 3574 1310 3645 reddatJubetBentl.

250 3651 324 3722 quod
337 3653 390 3723 jam
403 3649 483 3703 dicet.
493 3681 533 3694 --
542 3651 665 3705 Hariolor.
679 3653 755 3706 Vati·
798 3653 851 3724 legi
864 3654 933 3706 modo
945 3658 968 3708 si
982 3654 1052 3708 redd.
1067 3668 1098 3708 ut
1112 3673 1179 3708 vern.
1197 3655 1260 3708 203.
1273 3654 1311 3706 Et

249 3731 333 3795 cinor,
345 3729 445 3784 divino.
798 3733 861 3786 citat
875 3753 913 3786 vo.
924 3753 977 3802 29,
996 3732 1110 3803 Adelph.
1128 3735 1157 3788 in
1175 3753 1230 3805 quo
1243 3734 1312 3804 legit

291 3816 365 3874 nod,
389 3828 445 3881 sqq.
469 3808 516 3861 Ubi
537 3828 572 3860 me
591 3809 674 3860 dicero
695 3809 754 3862 dare
797 3811 873 3864 sicubi
886 3831 937 3883 pro
948 3811 994 3864 ubi
1005 3819 1040 3878 si,
1055 3814 1127 3884 vulg.

250 3894 319 3940 tanti.
335 3891 395 3941 Duo
412 3887 523 3946 veniunt
540 3889 568 3940 in
584 3887 753 3941 deliberatio·
840 3911 901 3961 ²⁰7·
921 3891 997 3961 Quod
1009 3913 1045 3944 rer
1058 3905 1101 3948 est.
1116 3892 1198 3958 Quod
1211 3909 1308 3946 verum

247 3985 318 4019 nem.
335 3967 455 4020 Primum
473 3981 577 4040 reputat
595 3967 710 4032 Sannio,
731 3970 753 4026 si
797 3983 842 4022 eet.
852 3971 1024 4041 -Quando‚
1039 3973 1061 4026 ei
1071 3971 1309 4044 quiderm-Eum

249 4045 372 4116 transigat
382 4063 443 4100 cum
458 4049 582 4102 AEaehino
598 4046 631 4102 de
648 4047 752 4118 pretio,
796 4062 921 4120 quartum,
935 4071 969 4104 sc.
985 4065 1014 4106 ut
1026 4052 1087 4106 leno
1099 4053 1143 4106 ais.
