2812 4788
126 377 128 388 “
223 371 270 443 8ο
434 369 618 438 PUBLIl
645 369 907 438 TERENTII
934 369 1057 438 erut

220 502 466 588 Obsecro,vide,
476 527 517 570 ne
525 500 651 569 illehuo
662 526 797 596 prorsus
806 502 963 589 selirruat.
973 503 1054 570 Srn.
1062 481 1289 574 Etiamtaees?

220 613 292 703 Ego
310 608 446 677 cavebo.
470 609 529 676 Cr.
552 608 733 701 Nunquam
750 607 862 676 hercle
880 606 979 676 hodie
997 631 1059 701 ego
1083 609 1167 678 istuc
1193 635 1283 679 com-

377 715 506 781 mittam
523 712 590 779 tibi.

220 823 307 891 Nam
321 844 375 888 me
390 819 424 885 in
436 816 586 886 cellulam
605 818 749 912 aliquam
771 844 847 888 cum
866 817 920 886 illa
939 817 1160 905 concludam3
1182 821 1216 888 id
1237 837 1286 890 tu·

379 926 542 992 tissimum
561 926 608 992 'st

220 1035 298 1102 Srn.
317 1033 407 1124 Age,
420 1043 532 1098 tamen
549 1055 611 1123 ego
624 1029 715 1098 huno
729 1030 900 1098 amovebo.
920 1032 983 1098 Du.
1001 1031 1067 1099 Sed
1081 1057 1197 1100 eccum
1212 1057 1282 1102 sce·

188 1221 191 1230 ¹
376 1134 516 1203 leratum
533 1138 662 1230 Syrum.
1244 1161 1283 1202 sss

220 1245 299 1313 Sru.
306 1241 337 1312 N
339 1239 559 1310 onherelehic
567 1241 699 1336 quidem
706 1241 1012 1336 durarequisquam‚
1019 1243 1045 1310 si
1053 1243 1098 1310 sio
1108 1242 1157 1330 fit,
1164 1257 1283 1337 potest.

220 1351 311 1419 Scire
325 1347 476 1441 equidem
496 1347 588 1434 volo,
608 1361 690 1442 quot
707 1349 788 1416 mihi
807 1349 871 1418 sint
890 1347 1025 1416 domini.
1046 1349 1129 1438 Quae
1144 1349 1217 1418 haec
1235 1365 1284 1419 est

374 1451 529 1521 miseria?
599 1521 600 1525 ,

220 1564 283 1630 Du.
310 1559 400 1648 Quid
419 1557 471 1626 ille
494 1557 631 1652 gannit?
648 1557 726 1652 quid
748 1556 839 1626 volt?
858 1558 937 1652 quid
948 1559 1013 1642 ais,
1031 1559 1119 1626 bone
1137 1558 1216 1628 vir?
1236 1575 1285 1630 est

377 1665 479 1733 frater
492 1662 602 1732 domi?

220 1775 298 1841 Suu.
321 1771 430 1858 Quid,
445 1769 568 1838 malum
582 1765 590 1837 l
610 1769 691 1838 mihi
703 1770 790 1838 bone
805 1771 855 1837 vir
869 1768 1010 1838 narras?
1025 1768 1179 1864 equidem
1189 1773 1281 1866 perii.

377 1879 443 1944 Du.
459 1873 550 1962 Quid
568 1877 627 1944 tibi
644 1875 713 1944 est?

221 1985 300 2051 Srn.
314 1979 471 2074 Rogitas?
485 1982 644 2074 Ctesipho
660 2007 713 2050 me
725 1983 844 2076 pugnis
858 1983 1032 2067 miserum,
1045 1995 1079 2049 et
1092 1983 1188 2050 istam
1201 1982 1285 2076 psal-

378 2102 476 2155 triam
1245 2113 1285 2151 seo

256 2241 315 2295 552.
329 2243 409 2292 Etiam
431 2251 515 2291 taces?
525 2241 614 2292 Guelf.
634 2261 657 2308 ι,
678 2261 726 2291 non
776 2235 879 2306 quitur,
889 2234 964 2306 quasi
977 2233 1085 2285 nemine
1097 2233 1167 2297 viso;
1182 2243 1207 2284 et
1223 2251 1286 2284 con-

220 2329 305 2371 taees?
318 2351 353 2358 -
369 2324 490 2381 Obsecro,
513 2323 586 2380 vide,
608 2340 639 2370 ne
651 2357 660 2383 ,
673 2332 724 2372 etc.
776 2315 865 2366 silium
879 2315 930 2366 hoe
940 2311 1051 2383 sumpsit
1060 2311 1094 2364 ad
1107 2309 1287 2383 purgandum,

219 2400 320 2452 Patrem
330 2399 458 2470 Ctesipho
476 2411 606 2450 monstrat
624 2399 727 2470 impor-
775 2392 885 2464 quodin
898 2392 960 2444 villa
971 2411 1024 2443 non
1037 2392 1179 2444 eratfilius.
1197 2390 1287 2460 Fingit

137 2482 142 2494 “
219 2479 386 2548 tunum,ipse
396 2479 463 2528 forte
470 2477 498 2528 in
505 2477 602 2548 angulo
612 2475 728 2546 quodam
775 2471 843 2524 enim
858 2471 1065 2531 reverberatum
1081 2489 1097 2522 a
1108 2463 1269 2538 ¹Ctesiphone
1277 2507 1286 2533 ,

219 2557 406 2610 latensaedium
420 2555 551 2608 Miciouis.
566 2587 600 2596 -
609 2560 727 2608 Seirruar.
759 2571 823 2610 ,ceu
838 2562 919 2621 raptae
931 2549 1040 2620 virginis
1050 2559 1165 2602 auctore.
1176 2576 1213 2586 -
1226 2549 1285 2614 Hic,

218 2636 348 2688 Neutrum
365 2637 492 2694 verbum,
516 2635 591 2706 quasi
613 2635 728 2687 activum
773 2630 800 2682 in
813 2631 863 2682 hae
873 2629 1111 2688 domm-Durare,
1120 2635 1285 2697 permanere.

218 2717 313 2786 posuit.
325 2746 359 2755 —·
372 2719 452 2766 Etiam
470 2723 559 2766 taces?
577 2713 618 2766 Sic
632 2715 727 2766 iterum
773 2740 808 2749 -—
821 2711 846 2758 Si
857 2713 891 2760 sic
894 2711 940 2780 fit,
955 2707 977 2759 si
988 2707 1021 2758 ita
1037 2704 1167 2758 consuefit
1177 2704 1230 2774 agi.

220 2805 323 2854 monet,
335 2795 374 2844 uti
384 2812 478 2863 supra,
491 2794 550 2854 541.
809 2787 867 2858 557.
889 2794 955 2855 Quot
968 2788 1027 2837 milii
1039 2788 1088 2834 sint
1100 2787 1202 2835 domini.
1216 2781 1285 2834 Hine

256 2871 316 2923 553.
332 2877 467 2937 Nunquam
476 2911 483 2936 ‚
494 2890 543 2940 pro
550 2889 608 2920 non.
619 2877 729 2933 ——Istuc,
773 2879 883 2938 apparet
891 2883 946 2914 non
956 2883 971 2915 a
980 2863 1096 2933 legitimo
1105 2860 1214 2915 domino
1223 2879 1285 2912 eum

221 2949 354 3020 negotium
368 2948 450 3018 patris
459 2947 610 3000 amovendi.
623 2947 729 3000 Diffidit
773 2945 940 2996 verberatum
958 2959 1021 2994 esse.

219 3045 351 3096 namque,
365 3027 460 3098 Syrum
470 3025 499 3078 id
508 3026 675 3078 effecturum.
810 3020 869 3072 558.
887 3024 986 3072 Gannit.
1001 3019 1053 3070 Alii
1069 3022 1159 3086 garrit.
1172 3048 1209 3058 -
1220 3020 1286 3086 Quid

257 3105 316 3170 554.
337 3111 403 3157 Nam
417 3126 455 3156 me
473 3109 498 3156 in
511 3107 565 3157 cell.
575 3105 656 3175 Vulg.
670 3125 729 3154 nam
773 3105 810 3150 ais
819 3109 832 3150 ι’
842 3101 902 3150 Par.
915 3100 967 3151 Ms.
981 3103 1038 3167 agis
1046 3095 1095 3168 pro
1103 3101 1147 3148 ais.
1163 3127 1198 3138 -·-
1218 3101 1286 3164 Quid

221 3207 264 3237 nec
270 3189 326 3254 jam
346 3189 371 3235 in
390 3189 468 3238 cellul.
488 3203 542 3236 uon
558 3196 597 3236 est
614 3189 641 3234 in
652 3183 728 3234 Bent.
773 3182 813 3229 ille
823 3181 922 3246 gannit.
931 3177 1003 3242 Quid
1016 3189 1148 3231 veterator
1161 3177 1205 3228 ille
1218 3195 1283 3228 con-

220 3264 501 3318 cudda-Incendent
514 3267 635 3329 aliquam.
645 3261 729 3326 Quasi
772 3257 892 3328 queritur
911 3256 1040 3329 gannitu?
1064 3250 1138 3326 quod
1160 3254 1281 3325 vulpium

220 3344 333 3409 diceret,
350 3343 376 3394 in
391 3343 488 3414 angulo
502 3340 618 3412 quodam
631 3340 728 3410 perob-
772 3347 818 3387 est.
836 3366 872 3376 -
895 3341 962 3386 Bone
983 3339 1032 3386 vir.
1056 3341 1195 3404 Μιμητικῶς
1217 3331 1283 3385 illud

221 3441 306 3476 scuro-
772 3418 834 3465 bone
855 3418 896 3465 vir
917 3413 1004 3468 reddit
1021 3415 1126 3466 Demea
1144 3414 1240 3483 Syrus,
1253 3411 1283 3462 in

256 3499 316 3553 555.
328 3505 390 3568 Age.
401 3500 453 3551 Fac
464 3511 493 3551 ut
506 3497 553 3548 tibi
567 3495 682 3548 videtur.
692 3527 728 3536 -
772 3512 850 3547 versu
863 3511 916 3564 seq.

223 3585 322 3644 Tamen,
334 3578 449 3648 intellige
460 3575 523 3628 :etsi
531 3587 559 3626 tu
571 3574 676 3627 diffidas
685 3593 728 3628 me
800 3572 869 3641 559.
878 3579 944 3624 Bone
951 3575 998 3622 vir.
1006 3570 1086 3622 Both.
1095 3569 1140 3622 dat
1149 3571 1216 3628 bont,
1224 3567 1284 3620 siue

219 3677 296 3729 posse
308 3657 381 3708 illum
396 3673 525 3709 amovere.
535 3655 568 3706 Et
576 3653 729 3726 simulpro·
771 3653 819 3704 vir.
835 3683 870 3692 —
887 3654 968 3719 Quid,
983 3653 1095 3700 malum!
1114 3659 1164 3700 etc.
1186 3647 1283 3698 Sensus

220 3739 259 3790 dit
268 3739 350 3810 Syrus
358 3735 393 3788 ad
400 3738 534 3788 Demeam.
544 3739 727 3784 -Huucamo-
772 3743 827 3782 est:
840 3757 853 3775 «ι
866 3729 953 3794 Quid,
962 3729 1075 3792 malum,
1088 3745 1130 3778 me
1143 3735 1282 3778 contume-

220 3821 285 3868 vebo.
301 3817 402 3886 Supra,
415 3833 453 3867 vs.
469 3821 530 3876 402,
543 3809 659 3873 dixeram
671 3813 725 3860 abi·
741 3816 742 3819 ’
769 3809 810 3860 liae
826 3826 905 3860 causa
916 3805 1129 3878 appellas?Quid
1139 3803 1206 3854 mihi
1213 3801 1282 3853 illud
1294 3813 1304 3837 v

217 3899 411 3964 gamkunems.
585 3915 586 3918 ¹
768 3901 843 3940 tuum
865 3891 926 3938 bone
944 3888 987 3936 vir
1003 3883 1119 3936 oceinis?
1133 3883 1210 3954 quasi
1223 3899 1281 3933 non

255 3973 314 4028 556.
347 3979 450 4024 Durare.
475 3971 542 4024 Vult
567 3969 641 4020 Bent.
671 3967 723 4038 legi
768 3965 816 4018 sim
826 3967 885 4018 satis
896 3962 1019 4027 afflictus,
1027 3963 1088 4018 satis
1096 3963 1176 4016 miser
1184 3959 1282 4031 injuria

215 4057 358 4123 perdurare.
374 4081 407 4090 -·-
423 4055 478 4102 Non
492 4053 586 4110 hercle,
599 4060 648 4100 etc.
668 4047 721 4098 Lo·
767 4044 816 4096 lilii
829 4045 875 4096 tui.
885 4069 897 4089 a
