2824 4778
250 405 321 479 236
482 409 661 480 P'UBLll
685 411 936 482 TERENTII
961 413 1081 484 AFRI

250 541 351 610 Nunc
367 541 446 635 quid
464 503 580 629 veliin,
598 543 743 614 animum
759 545 940 616 attendite:
959 559 1102 642 apporto
1118 571 1234 618 novam

250 646 571 740 Epidicazomenon,
583 673 684 744 quam
703 666 827 721 vocant
846 651 1042 722 comoediam

250 753 384 838 Graece;
399 751 498 823 latine
518 753 574 824 hic
590 755 828 826 Phormionem
846 760 1013 828 nominat:

250 858 340 948 Quia
357 861 481 954 primas
498 874 608 956 partes
624 863 681 957 qui
699 877 793 958 aget,
808 865 835 934 is
850 865 913 933 erit
929 863 1090 934 Phormio
1147 925 1155 945 ,

248 965 430 1052 Parasitus,
449 989 627 1061 perquem
645 992 698 1038 res
718 983 853 1064 geretur
873 994 1039 1044 maxume.

247 1067 412 1140 Voluntas
431 1086 544 1142 vostra
563 1075 590 1144 si
611 1073 654 1143 ad
675 1088 808 1168 poetam
831 1077 1020 1161 acoesserit,

247 1176 335 1246 Date
352 1201 509 1272 operam,
527 1178 639 1248 adeste
656 1203 751 1274 aequo
768 1181 878 1250 animo
894 1205 955 1276 per
973 1179 1160 1266 silentium3
1281 1193 1302 1230 ³⁰

245 1282 298 1352 Ne
318 1281 414 1354 simili
433 1295 568 1354 utamur
583 1284 738 1372 fortuna,
756 1300 856 1380 atque
875 1288 926 1358 usi
945 1309 1075 1371 sumus,

241 1453 755 1555 esseprredieantdicentis‚·Qriouiam
800 1509 871 1558 μινυς
905 1487 1041 1560 Antipho,
1065 1488 1129 1558 quia
1160 1487 1201 1540 illi
1226 1486 1302 1540 fictam

243 1561 289 1614 ille
305 1579 361 1616 nou
379 1563 476 1618 desinit
493 1564 561 1618 mibi
577 1564 754 1629 maledicere,
799 1565 874 1619 litem
896 1565 1011 1621 intendit
1034 1565 1177 1628 Phormio,
1204 1577 1232 1618 ut
1247 1581 1299 1618 eum

244 1659 293 1712 ego
313 1641 431 1698 desinam
453 1642 478 1700 ei
496 1643 755 1711 maledicere-,Qua
800 1655 875 1716 cogat
883 1644 1015 1698 Phanium
1024 1663 1135 1698 uxorem
1145 1643 1249 1697 ducere.
1257 1644 1302 1694 Aut
1369 1653 1383 1706 ,’

242 1728 330 1773 umen
342 1721 470 1776 sententia
483 1723 580 1796 opinor
597 1724 664 1786 nihil
683 1725 756 1777 bono
801 1723 823 1776 si
835 1739 950 1795 graecum
965 1721 1039 1776 illud
1054 1723 1215 1776 vocabulum
1232 1721 1303 1774 Phor·

242 1797 396 1854 Christiano
405 1801 520 1873 dignius.
532 1803 700 1874 Improbabis
709 1821 756 1857 au·
800 1800 883 1854 mioni
895 1800 1087 1874 adscripseris,
1107 1803 1129 1856 is
1143 1801 1193 1855 erit
1211 1801 1252 1854 ille
1263 1799 1302 1872 qni

243 1887 297 1929 tem
310 1878 378 1932 illud
390 1900 458 1944 non,
469 1881 492 1934 si
502 1920 510 1943 ,
520 1881 593 1952 quod
609 1901 687 1955 snpra
701 1893 755 1946 est,
797 1883 858 1952 jure
875 1879 975 1954 aliquid
993 1881 1096 1933 obtinet
1112 1881 1162 1952 ipsi
1181 1878 1302 1954 adjudica·

240 1957 541 2028 respexeris‚«adlatum
551 1961 755 2026 est,relatum·›;
800 1971 874 2025 tum3
888 1957 1036 2013 secundnm
1050 1977 1111 2013 eum
1124 1977 1220 2032 nempe
1231 1961 1302 2012 term

243 2036 403 2108 improbable
415 2038 493 2092 etiam
507 2057 539 2091 ex
552 2038 635 2092 Andr.
649 2040 754 2110 Prolog.
801 2027 941 2092 sententia.

243 2133 294 2180 as,
308 2115 358 2180 sd,
376 2117 424 2169 ubi
436 2115 558 2176 similiter
567 2115 648 2180 Poeta
661 2117 755 2172 adver·
839 2120 881 2170 26.
895 2123 940 2170 Gr.
956 2121 1004 2169 iat.
1014 2117 1096 2188 Vulg.
1112 2121 1209 2184 Grani,
1223 2117 1301 2169 latui.

242 2195 313 2250 sario
341 2197 477 2252 lacessenti
500 2215 549 2268 par
574 2197 632 2268 peri
656 2197 756 2258 referre
798 2197 852 2250 Sed
873 2197 1007 2251 vetustiss.
1029 2195 1112 2248 Rentl.
1132 2196 1202 2250 Cod.
1221 2214 1300 2265 ἔνθα,

242 2274 370 2327 minatur.
380 2279 535 2327 Fert-De
547 2295 581 2336 se.
596 2270 643 2348 Ap'
654 2281 755 2346 laurei,
799 2279 885 2328 latine.
904 2277 991 2330 Recte.
1009 2276 1043 2326 At
1060 2293 1125 2327 vero
1143 2273 1254 2328 dubium
1266 2291 1301 2326 re·

239 2352 349 2424 propria
359 2353 496 2407 voluntate
510 2365 534 2414 et
546 2366 629 2420 motu.
642 2354 755 2410 Variana
798 2365 861 2416 stat,
872 2373 921 2406 cur
930 2353 1012 2407 latine
1021 2356 1133 2405 Phormio
1141 2363 1156 2405 t
1164 2372 1245 2425 qonm
1254 2351 1302 2423 ipsa

241 2441 367 2485 caeterum
380 2451 460 2504 super
477 2433 529 2486 hoc
549 2432 608 2492 loco
624 2449 715 2488 sensus
728 2445 754 2486 et
798 2453 851 2488 vox
869 2435 982 2486 Plionnr'o
996 2425 1140 2506 graeca'est.
1162 2432 1240 2499 Quod
1252 2431 1302 2504 qui·
1385 2461 1386 2498 3

239 2509 374 2565 lectiones.
801 2511 878 2578 dem,
895 2512 1078 2584 pretermissis
1091 2511 1168 2566 alior.
1182 2529 1302 2569 commen·

278 2597 327 2658 πά,
339 2611 396 2664 seq,
408 2599 513 2662 Apporto
524 2611 629 2657 nomm,
644 2593 756 2646 etc.To·
803 2591 836 2646 tis
857 2591 893 2644 ita
914 2589 1065 2664 explicand.
1082 2601 1211 2658 autumo,
1231 2604 1257 2644 ut
1277 2589 1303 2641 sit

147 2673 150 2682 ¹
242 2684 301 2724 tum
310 2671 379 2734 illud
391 2683 534 2734 construe:
549 2697 562 2718 α
573 2673 695 2746 Apporto
708 2691 757 2724 no·
804 2670 931 2726 comoedia
954 2671 1011 2724 baec
1028 2673 1105 2724 Ianne
1115 2709 1124 2736 ,
1143 2671 1172 2725 h.
1194 2690 1216 2724 e.
1234 2669 1302 2723 latino

243 2769 304 2804 vam
314 2749 759 2824 comediam‚quamvoesntgraee
803 2761 911 2806 anctore
921 2750 1086 2822 composita;
1106 2751 1128 2803 si
1141 2749 1247 2823 quidem
1258 2765 1302 2802 suas

243 2828 758 2900 Epidicazomenon,etqnarnhicnomi·
804 2831 891 2904 quisq.
911 2829 1065 2884 fabularum
1086 2829 1200 2901 scriptor
1218 2845 1302 2882 nomen

242 2919 289 2960 nat
302 2907 382 2960 latine
393 2905 611 2959 Phormionem.»
802 2908 895 2962 indere
916 2907 1016 2962 solebat
1040 2905 1118 2978 ipse,
1137 2926 1193 2961 non
1219 2908 1301 2967 Graeci,

278 2985 321 3038 25.
334 2987 571 3053 Epidicazomenon.
588 2985 675 3038 Bentl.
691 2985 755 3039 edit.
802 3007 856 3042 non
875 2991 958 3040 Latini
976 2987 1106 3040 homines.
1132 3019 1168 3028 -
1188 2992 1301 3040 Nominat.

241 3061 534 3136 Epidicazomenemidq.
545 3082 580 3116 ex
589 3064 638 3116 Do.
648 3063 676 3115 Is
685 3063 757 3118 enim
800 3069 833 3122 In
846 3071 864 3122 l.
875 3070 958 3142 antiq.
971 3096 984 3116 ι
991 3069 1093 3132 Greci,
1108 3069 1196 3123 Latini
1204 3069 1302 3122 Phorm.

241 3145 275 3200 ad
292 3142 382 3198 locum
395 3142 431 3195 ita
444 3159 451 3194 :
466 3139 516 3195 llic
530 3141 672 3195 manifesto
686 3155 757 3196 errat
799 3147 967 3202 nominant..

241 3225 381 3280 Terentius
395 3243 403 3289 ;
424 3239 486 3275 nam
500 3221 556 3276 haec
571 3221 661 3276 fabula
674 3239 754 3294 quam
838 3246 879 3292 ²7·
894 3229 999 3280 Primos.
1009 3227 1067 3280 lloc
1077 3238 1133 3290 est,
1152 3226 1302 3300 potissimas,

243 3302 401 3368 transtulit,
433 3299 674 3373 Epidicazomene,
710 3319 756 3353 seu
801 3305 946 3378 primarias.

244 3377 456 3455 intersaeptis,
475 3379 545 3433 dicta
563 3389 602 3432 0⁵2
620 3397 635 3432 ἃ
652 3379 756 3452 puellas
838 3387 880 3438 28.
901 3390 1010 3438 Geretur.
1030 3385 1074 3438 Sic
1091 3384 1137 3437 Be.
1150 3381 1236 3437 codd.
1249 3377 1303 3434 ltid·

245 3467 281 3520 de
295 3483 346 3536 qna
356 3461 486 3536 judicium
500 3472 555 3513 est:
565 3478 648 3531 Qum
663 3459 695 3512 sit
704 3461 757 3515 alia
801 3464 832 3517 C.
842 3464 877 3517 G.
890 3483 926 3517 m.
936 3475 962 3518 et
975 3465 1035 3518 Hal.
1045 3463 1077 3516 In
1089 3463 1171 3536 antiq.
1186 3477 1304 3532 agetur.-

242 3544 475 3618 Epidicanomencs
495 3539 577 3613 ejusd.
593 3541 756 3612 Apollodori.
801 3549 859 3607 Iter,
869 3544 968 3598 fabula.

243 3622 340 3680 Debuit
351 3640 414 3692 ergo
422 3620 510 3674 dicere
517 3617 758 3690 Epidicazomenon
828 3619 881 3692 ¹²9·
899 3628 1035 3690 Voluntas,
1049 3615 1218 3694 benignitas,
1232 3621 1303 3676 favor.

245 3721 337 3777 grece.
357 3703 419 3768 Quo
436 3711 525 3752 tamen
540 3697 650 3753 crimine
662 3701 757 3753 erroris
802 3734 836 3744 -
856 3707 899 3754 Ad
918 3718 1017 3770 poscens
1039 3703 1181 3754 arcesserit.
1208 3701 1303 3753 Poetant

245 3787 364 3836 Donatus
374 3777 529 3831 Terentium
543 3791 632 3848 granu
641 3816 648 3840 ‚
657 3779 709 3832 boo
720 3779 757 3832 id.
803 3781 956 3853 protexerit.

247 3864 292 3915 Br.
307 3880 323 3913 a
343 3860 420 3911 Poeta
442 3855 476 3910 ad
496 3856 580 3926 ipsius
593 3855 759 3910 criminantis
839 3861 880 3915 30.
898 3865 961 3914 [tate
982 3881 1090 3928 operam.
1112 3858 1212 3912 Sedulo
1231 3867 1304 3910 atten-

147 3945 162 4016 ⁴.
247 3937 416 3999 mendosum,
429 3957 484 4009 quo
495 3937 518 3990 is
530 3956 593 3990 usus
604 3935 655 4001 sit,
674 3949 757 3990 retor-
802 3938 865 3993 dite.
885 3968 918 3978 —
936 3947 987 3992 Per
1012 3941 1142 3991 silentium.
1167 3937 1251 3990 Fauor
1272 3943 1303 3986 cst

245 4030 309 4090 quet
319 4014 462 4084 exemplat·
476 4017 510 4057 ¹-
523 4020 755 4086 Epidicazomenon.
801 4038 896 4090 nempe
910 4020 936 4070 in
950 4018 1077 4072 comoedia
1091 4016 1236 4070 silentium.

132 4145 138 4154 .
246 4097 287 4153 Ab
307 4091 468 4168 Apollodoro
486 4109 596 4166 vocetur
615 4093 756 4162 taediasti·
837 4099 879 4153 31.
895 4103 1011 4151 Fortuna.
1032 4099 1071 4152 Ne
1091 4096 1220 4169 populum
1239 4088 1303 4146 tede
