2824 4778
224 361 295 458 aiil
458 363 635 434 PUBLII
660 365 912 435 TERENTII
935 365 1057 434 AFRI

222 497 309 564 Nam
331 491 402 562 illas
420 517 548 582 errore,
569 509 604 564 et
626 509 659 564 te
681 495 777 566 simul
798 496 984 590 suspicione
1001 493 1157 564 exsolves.
1230 575 1232 580 ¹

223 605 306 670 Bac.
325 595 433 668 Perii!
464 601 566 694 pudet
587 600 790 672 Philumenae
814 625 821 667 :
846 603 1019 696 sequimini
1037 626 1091 671 me
1113 602 1179 670 huc
1200 603 1295 672 intro

382 706 498 776 ambae.

224 815 288 884 La.
299 811 392 901 Quid
407 826 474 897 est,
488 812 578 906 quod
593 814 673 884 mihi
686 813 816 901 malim,
833 837 931 908 quam
946 812 1035 908 quod
1050 813 1127 891 huic
1142 811 1294 908 intelligo

381 917 541 988 evenire?
1252 938 1293 990 7⁹⁵

224 1026 274 1094 Ut
291 1023 433 1118 gratiam
449 1026 538 1094 ineat
554 1026 623 1096 sine
641 1049 701 1096 suo
721 1024 916 1122 dispendio,
939 1025 1066 1095 etmihi
1085 1027 1201 1120 prosit

224 1130 312 1200 Nam
336 1130 363 1198 si
382 1145 449 1217 est,
475 1146 513 1200 ut
530 1131 601 1202 haec
626 1156 716 1200 nunc
737 1130 948 1226 Pamphilum
965 1155 1043 1201 vere
1059 1132 1103 1200 ab
1124 1157 1159 1201 se
1178 1157 1292 1227 segre÷

384 1239 487 1330 gerit,
635 1235 639 1244 ’
1281 1234 1285 1242 ’

225 1342 294 1410 Scit
308 1342 369 1410 sibi
384 1342 590 1412 nobilitatem
606 1369 646 1413 ex
660 1369 719 1433 eo,
738 1358 771 1412 et
789 1369 859 1414 rem
874 1357 986 1412 natam
1001 1357 1035 1412 et
1049 1342 1187 1437 gloriam
1202 1367 1288 1428 esse,

224 1447 359 1518 Referet
377 1451 517 1546 gratiam
533 1451 584 1538 ei,
604 1475 735 1544 unaque
754 1474 817 1520 nos
831 1449 893 1520 sibi
907 1473 1009 1544 opera
1025 1451 1151 1518 amieos
1162 1449 1290 1544 junget.

257 1651 319 1717 793.
330 1653 406 1700 Nam.
416 1647 455 1706 sC.
471 1647 505 1700 G.
520 1667 555 1700 m.
571 1658 597 1700 et
610 1648 669 1700 Hal.
683 1665 731 1718 pro
777 1647 920 1714 meretrix,
940 1646 1032 1702 eadem
1059 1666 1140 1720 opera
1167 1659 1194 1701 et
1218 1646 1292 1719 quod

221 1731 287 1777 Nam
296 1727 493 1780 exhibNullam
503 1724 730 1779 reiereud.adrem
777 1726 834 1778 seui
854 1737 879 1778 et
896 1728 965 1798 patri
987 1747 1093 1800 quoque
1114 1727 1292 1800 gratissimum
1371 1737 1373 1744 ’

220 1805 349 1876 superius.
359 1811 464 1858 -Illas
473 1825 519 1857 err,
529 1809 622 1859 exsolv.
632 1805 675 1859 ct.
687 1823 731 1858 su·
777 1805 878 1858 iactura
893 1805 934 1858 sit.
947 1805 1005 1858 Hoc
1019 1818 1106 1858 autem
1119 1805 1212 1858 diceus
1232 1805 1291 1858 ideo

221 1903 287 1955 pra,
301 1903 340 1936 vs.
775 1883 935 1937 inducitura
947 1885 1081 1949 Poeta‚ne
1094 1886 1213 1956 alioquin
1223 1903 1292 1956 pre·

256 1969 317 2034 794.
330 1963 361 2014 C.
373 1961 449 2014 G.m.
460 1972 486 2014 et
495 1961 583 2015 alme.
602 1964 733 2030 -Seqrar'-
777 1975 817 2020 ter
838 1982 939 2016 morem
969 1975 994 2016 et
1018 1964 1299 2027 verisimiliurdinems

220 2044 288 2094 mini.
300 2040 404 2093 Ibidem
415 2041 449 2112 gl.
463 2061 477 2091 o
492 2043 598 2092 ancillae.
608 2072 644 2082 -
656 2046 734 2093 Pudet
777 2043 876 2096 bonam
889 2043 967 2096 nimis
982 2056 1007 2096 et
1020 2045 1164 2118 iugenuam
1174 2043 1290 2095 meretri-

220 2124 380 2174 Plrilumenoe.
403 2123 456 2174 Seu
479 2122 640 2174 conscientia
661 2139 733 2172 eom·
776 2122 977 2192 cemlingeret‚
995 2123 1120 2175 sitorum
1141 2123 1194 2175 hoc
1217 2119 1290 2192 quod

221 2201 310 2254 munis
326 2201 416 2254 viriet
432 2200 590 2272 pellicatus;
607 2219 655 2254 seu
671 2200 733 2270 quia
776 2201 843 2272 agit,
863 2201 954 2254 studio
975 2201 1166 2258 commodandi
1186 2202 1244 2254 aliis
1266 2213 1290 2253 et

219 2279 451 2350 impurameretrix
459 2279 516 2349 (sed
527 2281 554 2330 in
563 2281 614 2332 hoe
621 2279 731 2351 pudica)
776 2279 943 2346 gratificandi
957 2293 1053 2352 ageret.
1068 2282 1136 2346 Quae
1153 2280 1288 2351 praecipua

220 2353 327 2430 pudice
345 2358 463 2412 mulieris
484 2369 656 2429 ¹eomrpeetum
676 2376 732 2410 non
775 2359 833 2410 laus
845 2359 984 2422 Terentii,
1000 2370 1025 2414 et
1048 2360 1076 2412 iu
1098 2377 1153 2429 quo
1175 2359 1288 2429 palmam

221 2438 339 2490 sustinet.
356 2440 551 2505 -Sequimini,
563 2436 733 2490 etetnoittis
776 2437 834 2490 aliis
852 2438 964 2490 comicis
984 2439 1115 2510 precipue
1129 2439 1287 2510 preripuit,

220 2518 296 2590 dicit,
309 2536 368 2589 quae
377 2529 438 2570 sunt
447 2520 517 2588 κωφὰ
526 2521 658 2590 πρόσωπα.
675 2517 732 2568 Me·
776 2515 848 2588 quod
861 2516 928 2568 nihil
946 2517 1036 2589 fingit,
1059 2517 1111 2570 nisi
1128 2517 1202 2588 quod
1219 2516 1288 2569 credi

221 2599 328 2652 retriees
351 2609 442 2651 autem
459 2597 624 2669 egredientes
652 2597 733 2649 domo
775 2597 853 2649 facile
867 2595 1050 2666 possit,etad
1063 2609 1188 2652 naturam
1204 2597 1288 2650 omnia

221 2677 330 2732 ancillas
353 2678 492 2730 trahebant
513 2697 606 2732 secum
620 2675 733 2748 pedisse·
777 2673 948 2729 solertissime
959 2675 1080 2747 exigui»

224 2774 301 2826 quas.
311 2758 396 2828 Supra
410 2758 504 2821 Thais,
517 2759 545 2812 in
557 2757 682 2813 Euuuoh.
695 2777 732 2810 vs.
812 2774 875 2828 797.
886 2759 912 2810 ai
921 2772 973 2817 aar,
988 2771 1116 2824 rrtsegreg.
1124 2773 1176 2827 pro
1189 2754 1288 2826 simpli·

223 2835 375 2888 815:«Voa
388 2855 431 2888 me
441 2837 611 2910 sequimini.»
777 2836 855 2897 cieri,
869 2839 893 2888 si
904 2839 1050 2905 segregarit.

256 2915 318 2984 795.
332 2917 399 2980 Quid
406 2929 449 2976 est,
458 2919 532 2984 quod,
540 2926 590 2970 etc.
605 2915 648 2966 Sic
661 2915 734 2966 ordi·
813 2917 873 2985 798.
885 2921 988 2967 Natam.
1011 2915 1058 2966 Be.
1078 2931 1112 2966 ex
1129 2931 1184 2966 uno
1202 2932 1226 2964 c.
1242 2933 1287 2964 na·

223 3011 258 3045 na
267 2993 665 3063 atqueintellige,quidesrquod
673 2998 732 3045 mal.
776 3009 850 3058 ctum,
858 2995 970 3065 recepit;
983 3006 1009 3046 et
1018 3013 1067 3065 pro
1076 2995 1121 3046 sibi
1130 2992 1250 3062 reposuit
1257 3011 1289 3042 se.

220 3074 280 3124 milri
292 3091 357 3125 even.
373 3093 448 3140 quam
459 3077 527 3140 qnod
540 3075 647 3124 huicine.
656 3087 732 3126 event.
776 3103 812 3114 -
821 3073 1102 3140 Nobilitatem,famam
1115 3072 1193 3124 boner
1209 3088 1289 3122 meres

220 3151 285 3204 Htec
295 3149 385 3204 eadem
394 3170 456 3204 vero
465 3151 564 3223 absque
573 3151 735 3222 interrogari·
777 3153 858 3206 tricis.
872 3183 907 3194 -
925 3158 966 3204 Ea
985 3173 1030 3215 eo,
1046 3170 1079 3204 ex
1095 3169 1124 3204 ea
1136 3169 1173 3204 re.
1186 3155 1288 3201 -flem

222 3231 344 3283 diforma
353 3231 460 3296 diceret,
468 3231 547 3282 mihil
559 3231 641 3300 magis
653 3230 732 3300 cupio
775 3246 876 3297 natam,
887 3249 946 3282 rem
962 3230 1119 3284 familiarem
1134 3241 1208 3281 tuam
1219 3246 1236 3280 a
1245 3245 1287 3280 me

224 3329 316 3382 quam,
326 3322 392 3364 etc.»
404 3342 440 3352 -
450 3309 602 3362 Mirandum
613 3321 651 3362 est
660 3310 732 3361 euim
759 3336 762 3342 ·
777 3323 882 3364 auctam
896 3311 936 3362 iri.

222 3390 328 3444 evenire
339 3391 500 3460 potuissent
511 3389 581 3442 idem
592 3401 618 3442 et
631 3389 695 3452 seni,
707 3401 733 3442 et
810 3408 872 3462 799.
883 3391 987 3458 deferet.
998 3388 1057 3440 Lib.
1069 3399 1124 3440 not.
1135 3386 1287 3456 differorque.

221 3470 293 3542 putri
306 3472 403 3542 prosit,
422 3469 495 3542 quod
515 3468 654 3522 meretrici.
668 3475 732 3520 Don.
775 3469 873 3522 Portie.
902 3488 949 3535 que
972 3467 1019 3519 Fa.
1041 3465 1153 3530 delevit,
1169 3483 1251 3534 quam
1270 3463 1288 3514 l.

220 3581 257 3591 —
268 3553 366 3601 Ermihi
372 3541 457 3618 prosit.
472 3549 573 3602 Lucide
587 3549 733 3602 admodum
776 3547 866 3602 Bemb.
881 3565 935 3598 non
946 3545 1114 3617 *agnomin-
1124 3545 1287 3612 Referetgrar.

221 3630 393 3686 casaubonus
427 3628 538 3682 adnotat
563 3629 616 3682 hoe
642 3631 732 3682 loco:
775 3631 806 3678 ei.
816 3626 964 3696 Pamphilo.
974 3627 999 3678 ls
1008 3624 1078 3677 enim
1090 3623 1118 3676 iu
1128 3620 1288 3675 Bacchidem

221 3708 392 3762 «Gratulatur
400 3709 449 3762 sibi
460 3727 541 3762 senex
552 3708 588 3761 ita
596 3728 732 3760 remrom·
777 3707 874 3760 iecerat
882 3717 1001 3775 sumptus
1014 3723 1068 3761 non
1082 3701 1199 3772 exiguos.
1209 3701 1289 3772 Supr.

222 3787 302 3840 mode
326 3787 438 3850 cadere,
456 3799 500 3854 ut,
524 3786 589 3840 dum
605 3788 656 3840 sibi
676 3799 732 3840 stu·
776 3805 816 3840 ve.
828 3785 991 3839 out-mm.
1003 3783 1154 3836 Pronomen
1167 3792 1208 3834 ert
1218 3789 1288 3838 sexto

223 3863 279 3928 det,
291 3879 317 3918 et
328 3886 376 3920 suo
386 3867 468 3940 ipsius
478 3867 633 3940 obsequitur
643 3865 732 3918 animo
776 3883 852 3929 casu,
871 3865 905 3918 ad
919 3883 996 3934 opera
1007 3859 1187 3920 referendum.
