2816 4782
331 295 588 372 raonmo.
617 277 723 374 ier.
749 305 804 390 11,
827 307 894 375 sc.
929 307 980 376 11.-
1111 311 1183 406 περ

113 424 156 506 ὓ.
164 435 315 505 Obsecro
325 449 368 504 te.
376 434 463 506 Pflo.
474 437 508 505 Si
518 434 758 530 rogabittGJn
766 451 798 506 te
808 463 882 532 spes
892 441 1182 514 estPnoAEocere.

114 543 207 630 Quid
217 544 243 611 si
253 540 385 611 reddet?
392 544 487 612 Gnu
499 540 759 637 impulistiPflo.
771 545 826 613 Sic
837 547 965 639 opinor.
974 549 1016 616 G.
1027 549 1184 623 Subveni.

115 651 203 719 ΡΗο.
213 649 306 720 Cedo
324 645 455 718 senem!
465 650 532 744 jam
550 651 711 720 instructa
731 665 808 720 sunt
829 651 910 721 mihi
931 652 1032 723 corde
1049 657 1185 728 consilia

272 779 393 824 omnia.
1150 785 1189 824 321

116 863 158 930 G.
171 861 261 951 Quid
280 859 384 956 ages?
401 864 491 962 Pflo.
507 861 597 950 Quid
618 863 685 950 vis,
705 864 770 932 nisi
786 865 834 932 uti
854 880 986 934 maneat
1004 867 1186 955 Phanium,

231 969 233 973 ’
275 983 375 1062 atque
388 969 577 1039 exorimine
594 967 661 1037 hoc

115 1074 342 1168 Antiphonem
362 1075 519 1169 eripiam,
538 1089 638 1170 atque
651 1076 685 1144 in
701 1101 755 1145 me
777 1101 912 1146 omnem
933 1081 1017 1153 iram
1039 1079 1186 1150 derivem

277 1180 385 1250 senis?

118 1289 161 1356 G.
174 1289 206 1355 Ο
220 1287 272 1363 vir
281 1287 391 1370 fortis,
407 1302 506 1382 atque
520 1288 646 1357 amicus
657 1283 794 1373 iveram
812 1290 877 1358 hoc
894 1313 998 1386 saepe,
1015 1293 1187 1379 Phormio,

116 1393 307 1482 Vereor‚ne
319 1394 407 1464 istaeo
418 1393 578 1463 fortitudo
587 1395 621 1463 in
628 1419 768 1464 nervum
777 1411 931 1492 erumpat
939 1397 1090 1492 denique.
1100 1400 1187 1472 Pno.

277 1495 348 1569 Ah!

117 1693 157 1735 eet
167 1699 286 1747 tumere,
294 1681 341 1754 qui
352 1682 466 1735 intrivit.
476 1682 511 1736 Et
521 1693 559 1736 eet
569 1699 629 1735 sena

115 1769 162 1813 eus
173 1780 180 1814 ε
193 1763 250 1813 Ate
260 1761 382 1814 confecta
390 1781 431 1814 ree
439 1773 486 1824 est,
496 1771 578 1833 quam
587 1760 631 1814 de·

116 1841 164 1894 hee
175 1841 326 1894 absumere.
333 1843 517 1910 -Accingore‚
528 1859 630 1913 appara

116 1933 143 1975 te
155 1934 236 1994 atque
247 1921 351 1993 expedi.

154 2002 216 2070 31¹9.
234 2005 293 2054 obs.
307 2017 346 2063 te,
365 1998 495 2061 subaudi,
514 2013 540 2049 m
560 2001 630 2050 nobis

116 2097 266 2132 succurras:
296 2079 344 2134 eed
371 2098 466 2149 parum
493 2075 630 2130 attendens

118 2159 246 2212 Phormio
259 2158 295 2212 ed
308 2178 338 2211 ea
352 2177 411 2230 quae
422 2157 490 2210 Geta
500 2155 581 2217 dicit,
592 2173 630 2207 ae-

118 2259 181 2292 cum
189 2239 241 2292 alia
251 2237 411 2300 meditatur,
422 2241 448 2289 et
457 2235 630 2306 quemadmo-

116 2313 631 2390 du'mDemiphonirespondeet‚exqui·

117 2399 166 2464 rit;
175 2397 248 2450 unde
256 2398 371 2467 abrupta
380 2395 464 2448 oratio
472 2407 519 2447 eet.
530 2401 630 2446 Iurene.

118 2483 187 2529 -·Si
196 2497 250 2546 rog.
265 2476 339 2542 Quid
347 2475 527 2547 respondebo,
540 2474 631 2546 inquit

116 2569 210 2610 cecum
219 2556 355 2618 Phormio,
368 2555 390 2606 ei
398 2567 472 2625 roget
484 2553 627 2624 Demipho,

117 2653 203 2709 quare
221 2635 354 2688 Phanium
374 2634 407 2688 sit
424 2646 538 2705 cognata
556 2634 630 2685 Anti-

117 2716 225 2788 phonie.
239 2746 275 2756 -
285 2721 385 2766 Ecrere.
408 2712 572 2766 Adverbium
590 2713 631 2784 jn·

118 2795 212 2860 rendi,
224 2813 274 2868 pro
282 2813 373 2856 oecere,
383 2792 411 2846 id
424 2804 476 2856 eet,
491 2811 538 2863 per
546 2791 630 2846 aedem

120 2875 227 2928 Cereris
244 2891 251 2926 t
267 2887 298 2926 ut
311 2877 421 2940 edepol,
440 2887 560 2936 ecastor,
579 2885 629 2926 ete.

120 2955 207 3008 Plaut.
232 2953 402 3006 «tamenim
422 2967 513 3005 eccere
529 2951 573 3004 ibo
596 2951 631 3004 ad

120 3035 223 3096 iorum,
247 3045 326 3104 atque
346 3032 404 3086 haec
420 3033 489 3084 fecta
510 3030 631 3084 Narrabo

121 3115 187 3168 teni.
201 3140 214 3160 »ι
227 3115 313 3184 Atque
325 3111 387 3164 alibi
401 3111 506 3183 sepius.
523 3110 578 3163 Niei
596 3123 632 3163 ta-

120 3213 183 3247 men
197 3193 302 3246 diversa
320 3203 384 3246 runt
397 3210 497 3250 eccere,
511 3209 559 3261 pro
575 3209 632 3242 ecce

120 3295 169 3337 res,
181 3273 306 3346 jurentio3
313 3282 339 3324 et
350 3289 444 3333 eccere,
455 3289 506 3341 pro
517 3289 629 3328 eomes,

120 3353 163 3407 vei
184 3371 240 3403 ecee
258 3371 322 3418 rem,
340 3349 524 3404 confirmantis
539 3349 632 3402 adver-

121 3433 214 3485 bium:
230 3441 259 3483 ut
273 3441 300 3483 et
322 3441 399 3483 vetus
416 3426 503 3481 Gioes.
528 3427 633 3482 videtur

120 3512 294 3581 distinguere.
306 3515 369 3561 Mer.
381 3513 485 3562 Casani.

158 3591 218 3643 320.
234 3593 301 3657 Quid
311 3592 332 3640 si
341 3590 512 3650 redderent,
526 3587 633 3658 inquit,

119 3687 229 3736 rursum
243 3669 385 3730 Phormio,
406 3665 429 3720 ei
442 3667 576 3738 Demipho
595 3685 632 3720 re

120 3747 278 3820 spondeat...
301 3767 357 3800 non
383 3747 491 3818 exponit
513 3745 579 3818 qnid
600 3747 635 3799 eit

120 3827 190 3880 illud
210 3827 285 3898 qnod
302 3827 358 3898 ipse
376 3827 475 3898 cogitat
494 3843 636 3897 responsu·

1150 1531 1188 1570 325

677 1682 832 1753 respondeo.
850 1683 986 1738 Sententia
1007 1701 1114 1758 quoqne
1134 1703 1190 1740 etse

677 1774 764 1832 potest
777 1763 853 1816 hec:
868 1765 932 1834 quid
946 1766 968 1818 ei
979 1767 1043 1820 velit
1055 1767 1187 1839 Demipho

676 1841 753 1894 nohis
764 1841 895 1894 Phanium
904 1843 1018 1896 reddere
1030 1859 1092 1897 cum
1106 1862 1186 1916 pecn-

676 1921 723 1972 nia
743 1931 769 1972 et
792 1920 871 1982 dote,
897 1934 927 1974 ut
941 1923 985 1974 elii
1002 1925 1102 1986 nubat,
1116 1939 1142 1978 et
1153 1927 1187 1979 ab

676 1999 829 2069 Antiphone
846 1998 1007 2069 divellatur,
1027 2003 1092 2074 quid
1115 2006 1190 2059 facie

677 2077 754 2130 mue?
777 2109 813 2118 --
834 2084 869 2129 Tu
895 2083 1020 2147 impulisti.
1048 2083 1131 2156 Supp.
1158 2097 1188 2137 ut

676 2157 767 2210 fictam
782 2157 862 2210 nobie
879 2158 984 2212 intendi
997 2161 1070 2214 litem
1091 2161 1189 2234 patere'

677 2253 746 2290 mur.
757 2267 792 2276 -
804 2239 841 2286 Sic
855 2240 949 2306 opinor.
971 2240 1030 2291 Non
1045 2243 1189 2313 respondet

676 2315 804 2369 Phormio
814 2316 897 2383 Getae,
910 2317 956 2370 sed
966 2319 1015 2370 sibi
1025 2337 1032 2371 τ
1043 2319 1087 2384 sic,
1094 2322 1188 2394 inquit,

676 2395 783 2466 opinor,
801 2397 868 2448 bene
885 2397 1070 2468 respondebo:
1091 2401 1128 2453 ita
1145 2421 1189 2455 me

675 2475 830 2545 expediam,
843 2475 881 2528 sic
894 2487 941 2527 est.
953 2505 989 2515 —-
1001 2481 1119 2544 Sabeiroi,
1133 2481 1193 2532 scii.

676 2553 743 2604 mihi
757 2565 784 2605 et
795 2553 950 2626 Antiphoni.

686 2663 689 2670 ·
714 2633 871 2706 321.00r‚de.
888 2632 971 2696 Quid.
986 2633 1048 2686 Mse.
1064 2638 1090 2685 in
1103 2644 1187 2691 corde.

677 2731 713 2751 Δ*
727 2715 791 2763 Cedo
805 2729 895 2762 senem.
909 2712 971 2764 Jam
985 2712 1047 2764 eiste
1060 2715 1126 2767 mihi
1136 2720 1188 2769 De·

676 2790 835 2862 miphonem
846 2828 854 2853 ,
864 2803 973 2860 paratus
981 2810 1040 2844 eum
1053 2792 1188 2866 congredi.

687 2895 690 2904 ⁴
713 2871 773 2922 322.
787 2872 855 2937 Quid
865 2879 942 2938 ages?
953 2871 1013 2923 Non
1024 2873 1188 2946 interrogan-

677 2950 729 3012 tis,
746 2947 792 3001 sed
805 2949 945 3002 metuentia
959 2948 1010 3004 hoc
1027 2951 1127 3006 dictum
1143 2969 1190 3008 eet.

677 3033 742 3080 Dor.
755 3059 791 3070 -
806 3031 933 3096 Quidvis,
947 3045 1022 3102 eupp.
1031 3033 1154 3102 officim,-
1164 3051 1191 3089 et

678 3127 741 3163 cave
756 3126 791 3159 ne
805 3111 899 3179 jungas
916 3113 1019 3176 quidvis.
1030 3135 1065 3152 ε-
1080 3119 1193 3180 Maneat,

677 3207 715 3242 ec.
727 3187 798 3258 apud
808 3187 905 3251 virum,
918 3188 988 3258 apud
1002 3191 1190 3260 Antiphonem.
1288 3190 1290 3194 ’

715 3268 775 3321 3²3.
786 3270 863 3319 Senis.
873 3266 950 3318 Libb.
963 3267 1037 3338 quid.
1053 3271 1127 3323 Beni.
1141 3293 1189 3339 pa-

677 3352 730 3400 tris.
740 3368 777 3387 -a
784 3349 866 3398 Deriv.
876 3346 1019 3406 conferam,
1027 3362 1189 3406 convertam.

715 3427 778 3489 324.
786 3433 808 3478 0
816 3428 884 3494 vtis.
893 3440 966 3492 atque
973 3430 1065 3478 amictu
1072 3435 1083 3478 Ι
1091 3429 1189 3485 Partic.

606 3529 610 3534 ·
680 3526 704 3569 o,
713 3521 775 3558 omn
788 3503 962 3566 nominativo,
972 3505 1025 3557 vid.
1038 3505 1125 3560 Sanct.
1139 3509 1189 3560 Mi-

678 3582 1191 3657 nerv.lV,5.-Hoc,autpleonasrnum
1273 3649 1279 3662 ¹

681 3676 728 3725 eet,
737 3674 782 3715 aut
792 3661 897 3732 ellipsis,
910 3663 955 3726 ob,
963 3676 1071 3735 propter
1083 3669 1137 3718 hoe.

718 3743 838 3797 325.'1n
868 3764 966 3795 nervum
990 3761 1105 3814 erumpas.
1128 3747 1192 3801 Htee

681 3821 874 3878 consuetudine
893 3843 1006 3876 romana
1025 3824 1110 3878 dixit:
1127 3828 1191 3899 quia

120 3925 183 3958 rum
191 3905 565 3980 Demiphonem.-Soilicet,
579 3910 636 3957 red·
682 3921 749 3976 saepe
761 3904 789 3956 in
802 3921 913 3956 nervum
925 3903 1143 3974 conficiebantur,
1157 3925 1191 3959 ex

112 3990 169 4051 nlo,
182 3989 277 4056 restire,
289 3987 421 4040 interdum
440 3985 554 4038 sumitur
571 4003 620 4055 pro
628 4023 636 4051 ,
681 3987 773 4056 aliquo
783 3983 912 4035 maleficio
925 3983 952 4034 in
963 4001 1094 4038 carcerem
1109 3985 1192 4038 missi.
