2776 4782
423 327 594 396 PUBLII
621 325 863 396 TERENTII
891 329 1007 396 AFRI
1066 270 1078 280 r

185 463 263 530 Mea
281 482 381 530 causa
393 457 481 528 nolo.
500 460 557 529 So.
572 457 627 528 Nil
645 457 701 553 pol
713 458 782 552 jam
803 459 892 540 istaec
907 459 988 528 mihi
1002 481 1057 528 res
1070 457 1252 553 voluptatis

345 565 464 634 lerunt.

187 675 279 744 Dum
287 671 1256 766 aetatistempustulit,'perfunctasatissumt'satiasjamtenet
1279 665 1282 676 ’

184 779 375 848 Studiorum
394 779 533 846 istorum
551 804 559 846 :
578 779 649 847 haec
664 778 745 846 mihi
760 801 849 846 nunc
863 802 944 847 cura
961 792 1011 848 est
1022 800 1177 848 maxuma
1189 832 1198 866 ,
1212 791 1254 844 ut

344 909 387 952 ne
408 885 463 952 cui
480 907 561 954 mete
1166 917 1172 924 ·
1215 898 1256 950 ⁵9⁵

186 990 426 1086 Longinquitas
440 991 544 1062 aetatis
558 991 667 1060 obstet
678 1041 687 1074 ‚
698 1003 882 1064 mortemve
896 1005 1064 1085 exspectet
1080 1015 1199 1060 meam.

189 1096 359 1166 Hiovideo
370 1120 424 1164 me
435 1097 648 1166 esseinvisam
659 1098 824 1165 immerito
838 1121 845 1164 :
858 1111 989 1192 tempus
1000 1111 1050 1167 est
1060 1097 1254 1168 concedere.

188 1205 242 1272 Sic
252 1215 399 1296 optume,
409 1216 447 1272 ut
457 1226 519 1296 ego
529 1203 1081 1298 opinor,omnescausaspraecidam
1090 1203 1256 1290 omnihus,

186 1311 231 1377 Et
243 1333 297 1378 me
314 1308 378 1376 hae
390 1309 575 1402 suspicione
590 1308 775 1397 exsolvam,
793 1323 827 1380 et
844 1308 907 1380 illis
923 1334 1050 1380 morem
1064 1334 1205 1404 gessero.

187 1417 266 1484 Sine
284 1439 360 1502 me,
382 1414 540 1503 obsecro,
553 1416 619 1487 hoe
638 1415 808 1510 effugere,
826 1414 944 1511 volgus
960 1417 1050 1512 quod
1067 1415 1154 1487 male
1165 1413 1258 1484 audit

346 1519 532 1590 mulierum.
1216 1551 1256 1590 σου

188 1629 281 1698 Pau.
304 1628 416 1716 Quam
443 1627 631 1698 fortunatus
651 1630 776 1698 caeteris
803 1653 876 1700 sum
899 1628 1021 1715 rebus,
1044 1629 1169 1723 absque
1190 1653 1259 1696 una

345 1733 531 1819 haeserat,
604 1776 606 1782 ,

192 328 262 422 198

224 1857 284 1926 593.
306 1861 356 1908 Pol.
379 1859 432 1910 Alii
450 1859 585 1913 omittunt·
594 1863 647 1926 pol.
662 1888 698 1899 -
744 1858 767 1912 si
777 1871 831 1912 tam
840 1857 1013 1931 discrepantia
1025 1859 1147 1912 conferre
1157 1857 1258 1922 licebit,

189 1943 246 1988 Iam
267 1939 343 1987 istac.
359 1935 420 1990 Lib.
432 1938 513 2010 antiq.
522 1939 593 2000 istu,¹
608 1956 700 2010 quam·

189 2017 262 2068 viset
274 2019 352 2080 istuc,
358 2015 404 2068 Fa.
415 2031 557 2081 narrante,
567 2037 626 2088 gen.
637 2017 698 2070 fem.

90 2133 92 2142 ι
189 2095 353 2148 nominativo
366 2097 434 2167 plur.
448 2095 576 2149 efferebat
587 2096 700 2166 antiqui-

88 2207 92 2217 «
189 2189 237 2236 tas.
246 2208 277 2218 -
287 2182 413 2241 Ismaros,
425 2189 530 2248 quattu
541 2176 607 2229 dicis
617 2214 626 2240 ‚
636 2175 700 2228 ami·

190 2274 243 2320 aaa,
256 2267 393 2326 cognatae,
406 2253 463 2308 dies
474 2255 541 2308 festi.

227 2335 288 2404 594.
298 2337 375 2388 AEtut.
390 2348 490 2402 tempus.
500 2336 565 2390 We'.
579 2333 701 2394 edsaetas,

191 2431 299 2482 tempus,
312 2413 402 2466 nescio
411 2413 492 2466 uude.
503 2411 555 2467 Sed
564 2413 624 2465 Par.
633 2425 703 2476 cem,

193 2495 282 2550 exhib.
295 2513 346 2565 pro
359 2493 453 2565 glossa.
467 2524 503 2534 --
513 2497 605 2545 Satias.
619 2492 650 2544 C.
668 2490 701 2542 G.

192 2595 228 2628 m.
236 2573 465 2627 sacietas-Idem
475 2587 500 2626 et
509 2574 541 2625 al.
552 2593 635 2624 me.-
640 2576 704 2621 Dum

160 2680 163 2692 .
193 2670 261 2708 atat.
277 2670 348 2722 temp.
361 2657 422 2708 tulit.
439 2654 482 2706 Cf.
497 2651 580 2705 Andr.
592 2671 630 2704 vs.
647 2649 704 2702 188.

194 2766 229 2776 -
240 2737 344 2799 Emis,
363 2732 555 2786 adolescentie.
574 2762 610 2772 -
624 2733 704 2791 Tulit,

194 2814 322 2886 permisit.
333 2815 471 2875 -Satias,
481 2812 596 2870 satietas.
606 2841 641 2852 -
648 2816 705 2860 Iam

194 2909 267 2960 tenet,
280 2911 356 2963 supp.
366 2911 412 2943 me.

230 2971 290 3039 595.
304 2977 377 3023 Mea.
390 2971 435 3022 Be.
447 2967 490 3020 ed.
502 2986 533 3020 ex
546 2967 629 3037 antiq.
641 2986 704 3017 meu.

193 3051 321 3104 Atmiuus
332 3046 414 3102 latine
421 3046 524 3102 videtur
532 3065 588 3097 mea
597 3049 704 3114 Longin-

194 3133 284 3198 quitas,
294 3147 376 3201 quam
388 3147 449 3180 meoe
458 3130 635 3196 Longa'uquitas
645 3139 705 3176 aeta·

194 3214 233 3263 tis.
252 3239 288 3251 —-
305 3211 441 3260 Studiorum
454 3209 494 3259 ist.
511 3207 613 3258 Harum
625 3223 704 3257 amos-

747 1938 876 2008 Turtuffe,
896 1938 925 1990 in
950 1936 1081 1991 comedia
1101 1937 1147 1990 eui
1167 1938 1258 1992 titulus

745 2015 816 2070 idem
831 2030 885 2084 est,
900 2029 950 2070 aot.
961 2017 1014 2086 111,
1027 2036 1065 2070 so.
1077 2035 1133 2070 v1r:

745 2153 863 2220 Rompoue,
880 2160 977 2202 rompono
987 2149 1006 2186 le
1017 2160 1077 2187 eours
1087 2146 1113 2186 de
1126 2159 1160 2187 ees
1172 2147 1257 2186 statem

746 2275 771 2313 Je
782 2211 936 2324 regddrldbtbe'ane
950 2272 1008 2324 quels
1018 2269 1094 2322 manda
1103 2269 1195 2312 troubles
1205 2271 1257 2322 j'ap·

747 2397 773 2436 Et
783 2340 899 2446 molirdirlil
910 2394 1027 2440 eetbesoiu,
1036 2405 1084 2434 mou
1093 2391 1161 2442 frte,
1173 2393 1259 2446 queJ'en

814 2463 875 2496 sorte.

777 2566 846 2633 598.
860 2567 1006 2631 Praecidam,
1017 2564 1143 2619 adimam.
1157 2595 1193 2606 -
1204 2571 1258 2616 Om-

749 2649 827 2700 nibus.
838 2647 909 2700 Bene
919 2645 1044 2698 omnibus
1051 2687 1058 2712 ‚
1066 2663 1100 2698 ne
1111 2645 1259 2718 specialiter

749 2725 828 2780 ludat
839 2744 947 2778 nurum.
1045 2745 1048 2753 ’

786 2807 847 2874 599.
862 2811 917 2857 Hae
926 2805 1013 2874 suspie.
1024 2804 1065 2858 Cf.
1076 2804 1141 2857 infr.
1156 2805 1258 2878 3.²¹⁴“'
1323 2799 1326 2806 ’

751 2891 844 2937 Morem
860 2905 959 2954 gessero
971 2923 979 2948 ,
993 2884 1157 2955 obsequens,
1171 2883 1257 2938 indul-

750 2983 814 3035 gens
828 2965 912 3018 fuero.

785 3046 845 3098 δύο.
854 3050 906 3096 1100
914 3047 990 3112 quod.
997 3043 1055 3096 Hoo
1064 3041 1258 3126 propterquod.

749 3152 785 3162 -
803 3127 871 3174 Male
885 3127 968 3190 audit,
981 3123 1155 3194 vituperatur.
1166 3122 1200 3172 Et
1215 3125 1259 3172 hoc

749 3213 797 3267 est,
806 3221 820 3254 a
828 3204 956 3256 soerubus
969 3203 1039 3257 male
1050 3203 1156 3255 tolerari
1167 3221 1259 3256 nurus.

785 3285 845 3335 601.
858 3286 958 3351 Absque
971 3302 1023 3334 una
1040 3286 1098 3337 tac.
1113 3282 1157 3335 sio
1170 3281 1258 3335 West.

748 3361 806 3414 Par.
819 3361 879 3414 Itid.
892 3362 921 3414 in
935 3363 985 3416 Me.
999 3363 1073 3434 Lips.
1088 3380 1126 3414 so.
1139 3380 1167 3412 re
1176 3398 1184 3423 ,
1194 3361 1260 3414 adeo

750 3451 780 3492 ut
793 3446 882 3508 absque
897 3441 930 3494 sit
944 3441 1103 3513 praepositio.
1114 3442 1148 3492 At
1159 3440 1228 3493 libb.
1242 3459 1261 3494 e.

196 3289 320 3344 nitatum.

231 3367 288 3434 596.
303 3370 443 3432 Exspectat.
457 3363 519 3416 Lib.
532 3372 587 3416 aut.
598 3373 704 3429 exoptet.

196 3477 230 3490 -·
245 3451 320 3498 Mart.
328 3464 401 3512 cusp.
409 3463 496 3497 meam.
508 3441 574 3496 Sub.
585 3443 646 3509 qais.
657 3441 706 3493 Per

193 3542 305 3596 zeugma
315 3523 466 3576 verborum.
750 3532 777 3572 et
790 3538 813 3572 e.
826 3521 934 3574 maxim.
946 3532 1014 3592 part.
1028 3539 1052 3575 e.
1068 3521 1118 3572 Do.
1127 3519 1190 3572 hab.
1199 3521 1260 3586 aare,

130 3641 132 3654 .
232 3605 292 3674 597.
307 3605 439 3654 Immerito.
452 3600 481 3652 C.
495 3599 528 3652 G.
547 3619 584 3652 m.
598 3601 705 3651 imaneri·
749 3612 780 3652 ut
794 3605 866 3668 ubsq.
888 3599 995 3654 adverb.
1010 3600 1094 3659 valeat
1106 3618 1157 3670 pro
1167 3601 1262 3674 ‘absque

193 3699 253 3737 tam.
262 3715 295 3725 -
306 3684 360 3747 Hic,
375 3681 403 3734 in
412 3681 462 3734 hac
473 3679 562 3734 domo.
574 3682 621 3736 His
632 3675 703 3735 conf.
740 3681 824 3746 foret,
838 3680 856 3730 i.
869 3699 891 3732 e.
905 3679 1016 3734 abesset.
1029 3681 1149 3746 -Absq.
1157 3698 1208 3728 una
1216 3683 1262 3730 hac

158 3759 160 3764 ’
194 3761 333 3820 Menandr.
352 3763 436 3834 πικρόν
451 3764 503 3814 ἐστι
515 3764 611 3834 θρέμμα
628 3766 703 3835 γέρων
740 3759 821 3826 foret.
834 3759 861 3813 Si
868 3760 927 3812 haee
934 3779 987 3812 una
998 3777 1038 3812 res
1046 3759 1160 3824 abesset,
1171 3759 1194 3810 si
1206 3757 1262 3810 baeo

194 3847 217 3898 la
234 3844 298 3912 οἰκίᾳ
310 3844 400 3913 pirus·
417 3871 453 3881 -
465 3842 572 3892 Invisum
579 3865 589 3904 ,·
611 3841 705 3894 leuiter
750 3857 804 3891 una
816 3857 858 3892 res
871 3850 944 3892 extra
957 3839 1035 3906 leret,
1043 3838 1061 3891 i.
1073 3857 1096 3890 e.
1106 3839 1158 3890 hac
1168 3857 1222 3890 nna
1233 3855 1260 3888 re

193 3939 249 3974 non
266 3918 356 3984 addit,
379 3919 423 3973 eui
443 3936 471 3970 se
494 3931 569 3990 putet
592 3919 705 3972 invisam
749 3932 875 3991 excepta,
892 3936 988 3991 nempe
1000 3919 1095 3991 injuria
1116 3935 1176 3990 quae
1190 3917 1259 3970 illata

193 4017 259 4052 esse.
273 4028 307 4038 —
320 4001 401 4063 Temp.
417 4011 453 4047 est
459 4001 559 4049 coneed.
569 3997 703 4066 Similiter,
748 4012 787 4052 est
796 3999 968 4052 Philumenae.
