2834 4788
233 341 280 384 20
455 315 633 384 PUBLll
660 313 916 382 TERENTll
946 313 1065 382 AFRI

231 450 319 530 Siet,
341 446 420 540 quid
441 449 541 515 tristis
564 471 635 540 ego·
648 445 729 515 sim?
747 449 809 514 Mr.
828 445 939 514 Dixin'
954 445 1019 516 hoc
1038 445 1132 516 fore?

232 553 323 642 Quid
342 551 440 622 fecit?
454 555 517 622 De.
538 553 628 640 Quid
647 552 700 620 ille
717 551 853 621 fecerit?
871 553 980 642 Quem
1002 574 1108 646 neque
1127 549 1231 646 pudet
1270 577 1294 614 ss

232 659 437 754 Quidquam,
455 683 516 726 nec
536 661 652 727 metuit
668 683 886 754 quemquam,
904 683 965 727 nec
986 657 1092 753 legem
1115 671 1209 752 putat

232 869 420 922 dissolutum.»
439 868 473 919 Et
490 867 543 932 ubi,
558 879 676 920 sumetur
690 885 740 937 pro
784 867 842 938 ptio
861 867 1028 922 citharistria
1039 886 1071 919 ex
1082 866 1164 920 domo
1180 867 1297 933 lenonis,

230 969 315 1020 quum,
332 951 441 1018 quoniam
452 966 462 1006 ,·
475 964 521 998 seu
535 965 542 998 :
560 949 663 1016 «Rogas
674 945 741 1017 quid
786 943 894 1000 otietur
903 947 1050 1018 γοργότητος
1058 988 1066 1012 ,
1077 967 1132 1000 nou
1146 948 1202 1000 sine
1216 965 1299 1018 expe·

230 1029 310 1080 tristis
326 1028 390 1093 sim,
405 1039 434 1079 tu
447 1022 510 1088 (ubi)
524 1025 595 1097 apud
609 1044 688 1096 quem
701 1027 741 1078 vi·
785 1023 841 1078 dita
856 1027 989 1080 celeritate
997 1066 1005 1092 ,
1018 1040 1162 1080 accusetur.
1177 1025 1254 1078 Fores
1265 1029 1301 1093 ef·

230 1110 269 1160 vit
280 1107 434 1170 AEschinm,
446 1104 517 1176 apud
527 1125 607 1176 quem
621 1123 741 1158 corrum-
780 1106 1016 1176 fregit.Subjicitur
1022 1107 1152 1158 accusatio
1163 1106 1244 1158 totius
1251 1125 1300 1177 po-

231 1185 352 1258 pittrrP-
371 1185 441 1247 Seu,
466 1199 495 1236 ut
518 1183 572 1236 vult
592 1185 741 1248 Bteclerus,
785 1186 900 1255 puli,et
911 1203 962 1238 vox
976 1186 1052 1238 fame
1062 1185 1186 1256 publica,
1201 1203 1260 1256 quse
1270 1186 1300 1237 in

185 1323 190 1331 ,
231 1263 394 1334 agnoscenda
421 1264 464 1316 hic
491 1278 529 1316 est
549 1265 651 1332 ἔλλειψις
672 1263 743 1316 indi·
787 1265 882 1318 talibus
905 1265 959 1316 vim
994 1265 1153 1336 singularem
1186 1265 1300 1317 obtinet.

231 1345 321 1416 gnauti
345 1343 490 1396 familiaris.
516 1345 599 1412 Rogas
625 1363 675 1407 me,
703 1344 743 1395 ubi
786 1345 854 1396 Nam
870 1345 940 1396 actio
959 1342 993 1396 de
1008 1344 1036 1396 vi
1051 1343 1085 1402 ad
1104 1362 1196 1397 omnes
1215 1345 1301 1415 perti·

231 1425 298 1476 nobis
317 1423 452 1474 AEsclriuus
469 1427 522 1474 εἰει.
543 1422 585 1475 Sc.
602 1419 631 1474 id
652 1441 743 1493 quaro
786 1437 946 1494 net:neque
957 1436 1012 1476 tam
1022 1423 1121 1494 ligura,
1133 1441 1212 1493 quam
1229 1423 1301 1476 ratio

230 1503 333 1574 potius,
341 1500 370 1554 id
381 1515 411 1552 tu
421 1521 493 1554 nunc
507 1502 602 1554 allerre
612 1501 742 1566 debebam
788 1515 841 1568 est,
853 1521 911 1572 qua
923 1503 994 1554 iufra
1004 1503 1038 1554 ab
1047 1503 1104 1574 ipso
1111 1502 1247 1556 Sannione
1258 1503 1301 1554 in·

231 1596 256 1634 et
282 1584 319 1634 ita
343 1581 410 1632 nobis
438 1580 594 1634 abundaret.
622 1581 743 1634 Priorem
787 1579 912 1644 ducitur,
929 1593 979 1634 act.
996 1581 1039 1646 II,
1054 1601 1090 1634 sc.
1106 1599 1117 1632 ι
1133 1599 1141 1634 :
1159 1581 1302 1634 «Obsecro

231 1676 339 1714 tuentur
350 1679 455 1716 sensum
469 1661 568 1732 Guyet.
578 1661 675 1714 Mutet.
689 1662 744 1712 Do·
787 1662 959 1730 populares·
981 1659 1050 1713 Hinc
1064 1661 1141 1714 etiam
1158 1673 1213 1724 ert,
1227 1660 1302 1731 quod

231 1755 285 1794 nat.
305 1743 322 1793 J
325 1761 370 1794 uv.
383 1741 451 1793 Perl.
469 1741 546 1792 Stant
563 1759 613 1810 pro
629 1737 744 1792 secundo
788 1740 924 1810 quiritatio
939 1739 1019 1809 pleno
1032 1753 1058 1792 et
1067 1740 1170 1810 optimo
1184 1741 1244 1810 jure
1259 1741 1303 1792 ni-

234 1821 318 1872 Faber
331 1833 356 1871 et
371 1821 507 1882 Dacieria;
523 1833 549 1871 et
562 1820 651 1882 iacet,
664 1837 744 1889 quem
789 1819 854 1870 titur
869 1836 875 1870 :
893 1816 926 1870 ad
941 1835 1020 1888 quatu
1037 1815 1136 1872 Dem'ea
1150 1819 1195 1872 hic
1206 1818 1304 1871 alludit

232 1899 425 1970 praetulerimus
440 1899 539 1968 priori,
555 1899 630 1967 quia,
650 1911 680 1950 ut
696 1895 743 1949 ad·
789 1897 889 1950 efficaci
913 1897 1016 1968 ligura,
1029 1897 1172 1950 «Clamant
1193 1915 1303 1964 omnes,

232 1991 308 2032 notat
329 1977 476 2041 Boeclerus,
500 1995 555 2027 non
579 1978 641 2028 satis
664 1978 745 2029 latine
789 1975 1304 2047 indignissimesactumesse.»Sannioni

233 2057 365 2110 diceretur
378 2057 417 2107 ubi
428 2056 560 2108 AEselrinus
573 2055 640 2106 nobis
650 2061 709 2118 siet,
726 2057 744 2107 i.
789 2056 888 2110 scilicet
898 2056 1037 2126 quiritanti
1048 2057 1305 2127 succlamanteslgi·

234 2157 257 2189 e.
277 2155 359 2206 quum
379 2135 537 2188 AEschinum
555 2135 698 2186 habeamus
713 2134 745 2185 fi·
790 2135 1014 2187 turadsummum
1025 2134 1233 2207 exaggerationis
1246 2136 1305 2188 laec

233 2218 310 2268 lium.
325 2217 402 2267 Certe
423 2215 574 2284 exemplum
592 2204 685 2279 (addit
705 2214 746 2264 vir
789 2213 947 2284 procedunt.
962 2215 1022 2280 Qua
1037 2227 1205 2284 comsumpta
1218 2209 1304 2285 (quod

234 2290 422 2356 doctissimus)
448 2295 544 2346 lrustra
565 2293 699 2362 quaesieris
717 2292 745 2343 in
790 2295 874 2362 probe
890 2294 934 2346 hic
953 2291 1131 2366 notandum),
1146 2292 1181 2346 ad
1198 2294 1305 2347 minora

236 2388 289 2426 tota
303 2373 476 2444 Antiquitdte.
485 2371 536 2424 Sed
548 2373 680 2424 Boeclerus
690 2373 746 2443 ipse
790 2373 891 2424 revolvi
903 2391 1009 2426 necesse
1024 2387 1080 2427 erat
1094 2375 1233 2426 Demeam.
1249 2373 1305 2426 Ne·
1335 2427 1338 2434 ,

234 2454 335 2516 ἔλλειψιν
344 2451 634 2504 minimenecessariam
642 2448 747 2504 videtur
791 2451 1306 2524 quealiterdebuitPoetadlortcuirhoc

234 2533 312 2585 nobis
325 2531 515 2602 imploravisse.
699 2583 701 2587 ,
730 2530 734 2542 ’
789 2533 916 2602 jurgium.
937 2533 1098 2603 Exemplum
1121 2549 1184 2602 ergo
1200 2531 1304 2596 fratris,

277 2615 322 2675 84.
340 2613 409 2682 Quid
417 2615 478 2663 trist.
489 2631 534 2682 ego
546 2611 750 2682 sim.Both.quid
791 2612 825 2664 ab
848 2612 1014 2664 accusatione
1033 2611 1066 2664 ad
1090 2608 1306 2664 emendationem

235 2697 338 2762 egerim
355 2704 386 2744 tr.
398 2694 517 2744 -Ante
531 2692 605 2763 quid,
620 2677 710 2743 Guett.
731 2689 745 2741 3
792 2689 940 2762 degressus,
957 2704 1107 2761 comparat,
1126 2691 1195 2762 μάλα
1217 2693 1307 2744 οἰκονο-

237 2773 282 2824 dat
298 2776 379 2824 nescis.
392 2797 432 2812 -ι
444 2772 533 2824 Diarit'
542 2773 585 2822 lroc
590 2773 655 2837 sore.
663 2771 747 2827 Abest
792 2779 877 2841 pratia.
899 2771 938 2822 Ut
953 2772 1037 2842 major
1051 2771 1126 2823 fieret
1139 2771 1306 2842 perturbatio

237 2855 310 2902 leoca
331 2851 419 2903 Guell.
437 2871 462 2902 a.
476 2873 516 2883 -
528 2851 614 2900 Diria'
629 2852 673 2899 lsoc
681 2846 746 2914 sore.
792 2841 824 2900 eii
840 2850 1010 2918 Ctesiphonis
1023 2868 1126 2911 amore,
1144 2868 1198 2920 quo
1218 2851 1309 2902 minus

238 2931 299 2984 Haec
314 2929 395 2981 Micio
414 2944 554 2980 conversus
569 2927 602 2979 ad
618 2940 746 2996 spectato·
793 2926 898 2998 aliquid
917 2927 969 2978 tale
986 2927 1113 2999 suspicari
1136 2931 1235 2981 Demea
1255 2948 1307 3000 po·

237 3006 745 3076 res.Vs.79‚dozCredojum,utsolet,
791 3016 887 3057 tuerat.
909 3005 1029 3075 Denique
1050 3008 1084 3060 ab
1103 3007 1249 3073 AEschino,
1276 3009 1305 3059 in

231 3089 352 3158 jur-gadir.
367 3119 406 3127 -
422 3085 492 3154 Quid
512 3081 746 3152 illeseceritt’Sto·
790 3085 865 3152 cujus
888 3102 987 3136 nomen
1011 3085 1142 3138 effuderat
1164 3087 1241 3138 illum
1262 3088 1307 3144 in-

239 3166 383 3218 machantis
395 3159 490 3217 allecto
507 3183 513 3216 :
528 3177 557 3216 ut
568 3165 665 3235 rogitas
675 3169 746 3217 etiam
791 3162 949 3232 dignationis
975 3163 1127 3236 impetum,
1161 3165 1307 3218 Micionem

237 3246 297 3317 quid
310 3246 349 3296 ille
356 3246 464 3312 feeerit?
475 3243 509 3296 Et
520 3246 574 3315 Jam
589 3263 643 3296 uon
657 3245 746 3320 statim
779 3311 780 3317 ἵ
792 3241 944 3314 aggreditur
960 3260 967 3294 :
986 3270 997 3290 ι
1007 3243 1069 3298 Haec
1083 3264 1167 3315 quum
1183 3245 1236 3310 illi,
1252 3246 1306 3297 Mi-

237 3325 364 3378 describit
378 3325 491 3382 factum,
509 3323 555 3375 sed
575 3324 693 3376 animum
710 3324 748 3375 sa·
792 3323 850 3386 cio,
868 3321 943 3386 dico,
958 3322 1009 3374 tibi
1028 3322 1106 3390 dico,
1119 3351 1130 3371 s
1148 3336 1177 3376 ut
1196 3337 1307 3377 conten·

238 3405 331 3458 cientis
348 3415 506 3475 corruptum
523 3401 654 3466 ostendit,
670 3415 748 3472 atque
793 3402 859 3454 tioni
871 3414 896 3453 et
910 3403 1028 3468 occasio,
1038 3417 1063 3456 et
1076 3405 1118 3457 via
1132 3415 1305 3474 quareretur.

238 3503 253 3540 a
276 3477 379 3555 pudore
400 3473 464 3554 (qui
482 3482 604 3534 homines
623 3481 704 3552 regit,
722 3495 749 3534 et
792 3481 922 3533 Boeclerus.

237 3583 271 3616 ne
292 3563 478 3616 obliviscantur
497 3561 641 3614 honestatis
654 3560 747 3615 admo·
834 3563 879 3615 85.
902 3562 972 3630 Quid
984 3557 1065 3628 fecit-³
1082 3563 1221 3634 Complur.
1240 3563 1304 3616 Mas.

240 3641 312 3706 net),
327 3656 425 3695 ametu
443 3661 535 3694 eorum
552 3641 748 3710 quibusauoto·
794 3644 830 3704 is,
852 3639 990 3712 quod-Fa.
1016 3660 1049 3694 ex
1070 3643 1193 3694 auctorit.
1211 3642 1307 3695 Bemb.

240 3727 303 3776 ritas
312 3735 350 3775 est
362 3718 405 3782 (ut
418 3719 572 3791 parentibus
586 3721 614 3772 iu
628 3717 748 3784 filios)‚a
793 3720 898 3773 delevit.
913 3721 980 3772 Perl.
995 3751 1035 3762 —
1054 3723 1130 3790 Quem
1144 3741 1217 3792 aeque
1230 3721 1308 3790 pudet

240 3801 384 3854 reverentia
394 3802 482 3870 legum
492 3793 561 3869 (quae
573 3799 685 3852 civitatis
694 3820 750 3853 mo·
766 3801 770 3816 '
794 3801 932 3870 quidquam·
952 3800 1051 3852 Contra
1065 3801 1150 3866 illud,
1166 3805 1232 3869 647,
1250 3819 1307 3852 eru-

238 3899 280 3931 res
293 3874 425 3946 continet)
441 3879 573 3942 alienum,
585 3892 664 3950 atque
678 3879 748 3931 ultro
794 3879 860 3940 buit,
877 3879 944 3930 talea
956 3891 1047 3928 retest.

238 3959 376 4012 effrenum.
389 3959 427 4012 Ut
440 3961 619 4032 ἰμπαθέστερον
631 3977 695 4010 mox
707 3977 747 4010 ra·
835 3960 881 4010 86.
895 3957 947 4010 Nec
959 3961 1049 4008 metuit.
1060 3957 1116 4009 Alii
1128 3977 1202 4028 neque
1216 3963 1308 4010 aretuit.
