2812 4788
204 397 252 467 ss
427 397 603 466 runnu
631 383 882 466 Tuuuuru'
903 399 1025 466 nrm

201 524 305 598 Hem!
324 520 403 622 quid
416 531 517 618 istuc,
538 531 692 615 obsecro,
708 533 858 625 inquam,
873 530 948 600 est?
964 561 981 595 u
997 529 1121 618 valeas,
1135 533 1263 602 habeus

358 633 550 729 illum,quae
567 636 718 730 placet».
1219 637 1270 700 ιιι
1342 623 1349 642 ’

203 741 296 809 Sensi
309 738 397 810 illico
414 741 448 808 id
459 740 530 812 illas
543 743 716 836 suspicari,
733 742 790 811 sed
801 767 854 810 me
867 742 1063 837 reprehendi
1075 757 1204 825 tamen,

134 855 138 864 ’
202 845 256 914 Ne
268 847 347 940 quid
360 847 400 914 de
413 846 513 916 fratre
526 847 667 942 garrulas
676 846 722 916 illi
734 848 894 934 dicerem,
913 871 952 917 ac
970 847 1064 917 fieret
1074 847 1192 942 palam.

201 951 299 1020 Nunc
313 953 392 1090 quid
403 951 544 1024 faciam?
559 955 667 1024 dicam
680 954 790 1023 fratris
804 979 874 1023 csse
886 953 995 1022 hanc?
1010 954 1153 1048 quod
1111 979 1264 1022 minume.

288 1115 291 1130 .
357 1060 398 1127 'st
414 1084 497 1153 opus

201 1163 350 1255 Usquam
362 1163 483 1233 efferri
497 1166 581 1260 Age,
592 1166 705 1233 mitto:
719 1164 790 1233 fieri
801 1180 887 1259 potis
898 1179 1010 1253 estut
1021 1189 1063 1232 ne
1077 1179 1263 1258 quuexeat

201 1267 317 1361 Ipsum
347 1269 381 1338 id
407 1284 534 1358 metuo,
566 1285 603 1339 ut
632 1270 806 1340 credant:
840 1286 891 1340 tot
918 1285 1122 1341 concurrunt
1146 1271 1264 1338 verisi-

358 1374 462 1444 milia:
1218 1398 1265 1437 seo

200 1481 342 1572 Egomet
352 1504 464 1576 rapui
478 1507 547 1576 ipse
559 1497 690 1577 egomet
702 1477 784 1552 solvi
798 1497 989 1612 argeutum3
999 1481 1041 1550 ad
1052 1505 1105 1550 me
1116 1481 1266 1550 abducta

356 1601 406 1656 est
419 1587 565 1656 domurn.

202 1692 288 1778 Haec
298 1690 381 1760 adeo
395 1717 469 1763 mea
482 1693 580 1789 culpa
590 1694 696 1763 fateor
706 1695 779 1764 fieri
791 1719 800 1762 ι
813 1719 882 1762 ιιοιι
896 1719 950 1762 me
965 1693 1061 1762 hanc
1065 1718 1136 1761 rem
1155 1694 1265 1786 patri,

203 1797 252 1862 Ut
268 1809 388 1866 uteret
403 1813 510 1892 gesta,
526 1799 709 1870 indicasse?
722 1824 908 1870 exorassem
923 1809 965 1867 ut'
978 1823 1051 1868 earn
1065 1799 1232 1867 ducerem.
1254 1873 1257 1883 ¹

202 1900 373 1972 Cessatum
387 1927 491 1996 usque
501 1905 610 1976 adhuc
624 1922 693 1977 est:
709 1933 798 1977 nunc
815 1931 938 2002 porro,
954 1906 1124 1989 AEschine,
1141 1928 1263 1999 exper-

352 2006 489 2102 giscere!

204 2251 255 2284 rut.
274 2261 309 2274 -
327 2237 407 2288 Fr'des.
423 2235 456 2288 H.
471 2254 496 2288 e.
517 2254 575 2307 quse
593 2235 654 2300 data
672 2248 712 2290 est
790 2239 850 2291 63ο·.
863 2241 1023 2289 Concurrunt.
1033 2235 1074 2288 nl.
1087 2249 1267 2286 occurrunt.—

204 2311 307 2382 puellse.
318 2311 396 2383 Supr.
410 2314 469 2378 334.
757 2291 911 2369 Utcredairt.
929 2317 974 2368 Me
991 2315 1100 2367 mihi·
1073 2315 1200 2367 nimirum
1221 2333 1266 2367 ra-

241 2391 302 2444 625.
310 2393 575 2468 HemrejecitBoth'
568 2412 712 2447 inversum
755 2394 843 2466 puisse
866 2394 961 2457 illam,
982 2401 1037 2447 nori
1062 2394 1198 2446 fratri-
1206 2400 1267 2444 Tor

206 2470 409 2542 precedentem.
428 2505 463 2514 —
478 2479 560 2526 Hem!
575 2473 712 2539 Mirantis,
755 2493 867 2528 concurr.
882 2476 990 2526 uerisim.
1017 2473 1139 2546 Suppleri
1155 2486 1263 2546 potest,

205 2550 289 2602 immo
298 2551 579 2624 obstupendo-Quid
588 2555 649 2602 istuc
658 2562 711 2604 est?
755 2552 868 2618 indicia,
880 2564 910 2604 ut
923 2571 982 2606 mea
994 2571 1050 2606 esse
1063 2552 1193 2606 credatur.

205 2626 277 2692 Quid
286 2630 520 2702 significantverba
530 2643 623 2702 quaetu
632 2631 712 2685 dicis?
790 2632 852 2684 631.
867 2637 924 2698 Ipse
939 2647 1035 2699 egomet
1050 2636 1110 2684 solvi
1124 2647 1264 2700 argentum.

204 2711 337 2759 -Habeas
348 2713 423 2762 illam.
434 2709 532 2764 Fruere
541 2710 583 2762 ills
595 2711 711 2782 psaltria.
755 2710 822 2763 Puta
842 2711 913 2763 enim
931 2709 1073 2763 sMicione
1090 2722 1164 2782 patre
1180 2709 1267 2763 adnu—

240 2789 302 2838 626.
320 2791 482 2854 deprehendi.
502 2789 562 2841 Par.
589 2810 638 2860 pro
656 2810 711 2842 rar.
755 2800 894 2842 moratum.
914 2789 956 2841 Cf.
976 2795 1012 2842 rs.
1032 2789 1093 2858 370.
1114 2820 1149 2828 -
1164 2793 1207 2840 Ad
1226 2809 1267 2840 me

207 2869 314 2934 repressi.
324 2895 357 2910 κ-
373 2873 419 2930 Id,
439 2888 475 2922 sc.
493 2887 534 2921 me
547 2873 615 2922 hanc
628 2869 713 2920 fidici·
756 2871 812 2920 abd.
826 2883 863 2918 est
874 2872 938 2919 dom.
951 2867 1054 2938 Supra,
1072 2869 1128 2933 169.

103 2969 104 2973 ¹
205 2963 265 2996 nem
284 2965 380 2999 amare.
394 2978 430 2987 -
445 2951 522 3013 Idas,
542 2947 664 2999 mulieres
675 2945 710 2998 ad
788 2945 850 2997 632.
860 2947 984 3016 Fatfien'.
995 2945 1086 2998 Posuit
1096 2946 1140 2998 hic
1149 2945 1268 3000 Schmie·

207 3023 316 3082 domum
325 3024 446 3078 Sostrate
457 3026 710 3096 pertinentes-Me
753 3023 801 3076 der
812 3035 902 3076 notam
919 3025 1095 3078 exclamandi.
1111 3024 1164 3078 sed
1178 3025 1268 3096 placet

206 3105 350 3170 reprehendi
355 3141 363 3167 ,
375 3123 419 3156 me
429 3101 535 3156 retinui.
613 3135 615 3142 .
753 3114 883 3173 punctum
896 3103 1018 3155 eliorum.
1035 3109 1121 3156 Perlat.
1133 3135 1169 3142 -
1183 3109 1267 3170 Haec,

241 3185 301 3254 627.
312 3187 410 3255 Aofier.
419 3189 473 3252 pal.
486 3184 563 3236 Boni.
574 3198 602 3234 ut
611 3201 660 3254 pro
671 3202 709 3234 ae.
754 3183 772 3235 i.
787 3200 809 3233 e.
822 3200 870 3234 cur
882 3181 911 3234 in
923 3183 993 3234 hanc
1011 3183 1188 3255 suspicionem
1199 3183 1268 3236 inci-

205 3292 241 3303 -
249 3265 368 3315 Gamla.
380 3264 449 3314 Anui
461 3261 501 3314 illi
511 3261 711 3334 loquaci—Ae
754 3259 851 3314 derim.
864 3291 897 3302 —-
908 3267 980 3314 Hanc
996 3282 1056 3314 rem.
1072 3262 1174 3314 Vitium
1184 3263 1267 3314 Pum-

199 3347 377 3414 fieretpalam‚
390 3361 465 3394 acne
476 3341 708 3412 rssfieretpalsm.
753 3341 831 3412 philae
849 3340 977 3394 oblatum.
993 3372 1028 3381 —
1041 3344 1122 3407 Patri,
1138 3341 1268 3404 Micioni,

239 3423 300 3474 628.
312 3425 408 3473 Duram.
419 3421 461 3472 At.
474 3426 633 3473 dicamne.-
641 3424 714 3488 Quod
754 3437 832 3490 quem
844 3437 970 3473 noveram
983 3419 1046 3471 satis
1057 3418 1248 3490 indulgentem.

205 3503 310 3552 minume
325 3503 355 3552 'st
367 3519 435 3568 opus.
449 3499 530 3564 Quod
543 3499 617 3552 nullo
628 3499 716 3553 modo'
789 3498 849 3550 633.
864 3504 894 3548 Ut
904 3512 937 3551 ut.
955 3499 1017 3550 Mes.
1029 3498 1094 3550 Pell.
1108 3517 1163 3550 non
1177 3497 1267 3568 genii-

204 3592 306 3650 oportet
319 3579 406 3652 palam
419 3579 484 3632 fieri.
752 3589 816 3630 nant
834 3591 867 3630 ut.
884 3608 919 3632 -r
932 3583 1091 3629 Exorassem.
1109 3579 1170 3655 Duo
1182 3575 1267 3630 codd.

239 3664 299 3730 629.
313 3666 386 3730 Age,
404 3662 478 3713 mitto.
492 3659 523 3713 C.
541 3659 575 3713 G.
590 3679 626 3714 ιιι.
643 3679 705 3729 age,
752 3657 826 3710 Bent.
840 3660 969 3708 euorasse.
979 3685 1010 3698 -
1023 3661 1054 3705 m
1067 3669 1095 3704 ut
1107 3669 1161 3706 erat
1172 3669 1265 3722 gesta,

204 3743 297 3792 omitto.
307 3741 508 3806 -Age,mitto.
518 3739 618 3790 Omitto
628 3738 708 3799 illud
753 3736 866 3789 iesiue
877 3734 963 3797 male
974 3733 1267 3804 sivebonsgestaerat.

205 3835 240 3868 sc.
249 3815 322 3870 hune
330 3829 430 3869 metum
438 3835 472 3868 ne
481 3833 522 3867 res
530 3816 619 3885 aliquo
628 3815 710 3866 modo
754 3820 961 3876 -Exorassem,
977 3813 1011 3865 ab
1025 3829 1056 3864 eo
1070 3812 1266 3883 impetrassem.

204 3894 366 3964 divulgetur,
381 3895 454 3970 quod
473 3893 530 3946 lieri
553 3903 647 3962 potest.
661 3893 710 3945 Re·
790 3893 851 3958 634.
869 3899 942 3966 Nunc
958 3909 1040 3958 porro.
1046 3891 1104 3942 ΑΙ.
1127 3910 1192 3941 nuuc
1206 3893 1268 3958 jam

204 3973 283 4026 stabit
295 3985 383 4024 tumen
397 3973 461 4025 mihi
470 3973 520 4026 alm
530 3969 712 4026 sollicitudinis
751 3975 965 4040 porro—Cessat
976 3989 1031 4036 usq.
1043 3972 1101 4021 adh.
1113 3983 1158 4022 est.
1164 3964 1268 4039 Segnis

206 4070 293 4105 causa.
306 4048 369 4102 Vid.
384 4069 419 4102 vs.
433 4071 472 4124 sq.
756 4061 781 4103 et
795 4048 885 4102 turdus
897 4048 938 4100 sui
951 4047 1110 4119 hucusque.¹

717 4141 719 4150 ι
791 4131 794 4155 l
