2812 4788
389 349 579 465 unctu.
608 393 834 464 ructon.
859 396 909 462 11.
1121 391 1186 485 139

115 528 240 595 Datum
261 525 303 592 iri
321 520 537 619 gladiatores;
556 523 700 620 populus
720 525 895 613 convolat3
1161 545 1187 586 ⁴³

114 629 392 714 Tumultuantur‚
417 630 583 716 clamant,
602 649 754 726 pugnant
771 633 812 702 de
830 631 921 716 loco;

114 741 186 832 Ego
204 739 333 806 interea
350 763 461 808 meum
476 764 545 808 non
559 735 653 833 p'otui
672 731 772 811 tutari
787 739 908 812 locum.

115 845 214 914 Nunc
235 845 335 913 turha
352 871 420 914 nou
439 859 505 933 est,
521 847 627 915 otium
641 860 675 914 et
695 845 860 918 silentium
879 863 948 931 est3

114 950 246 1050 Agendi
265 965 396 1046 tempus
416 952 497 1023 mihi
512 952 627 1021 datum
646 967 714 1041 est,
736 954 831 1024 vobis
851 955 950 1026 datur

116 1060 266 1126 Potestas
286 1058 531 1132 condecorandi
548 1057 645 1130 ludos
663 1061 821 1130 scenicos.

114 1163 227 1234 Nolite
244 1165 351 1244 sinere
373 1191 434 1261 per
451 1190 512 1258 uos
526 1180 631 1236 artem
647 1167 807 1238 musicam

115 1271 277 1340 Recidere
291 1271 334 1340 ad
352 1297 477 1367 pancos
496 1299 503 1342 :
527 1273 624 1345 facite
639 1287 677 1344 ut
697 1288 809 1345 vestra
825 1273 1004 1346 auctoritas

116 1379 201 1448 Meae
219 1379 410 1456 auctoritati
426 1379 548 1454 fautrix
565 1379 774 1476 adjutrixque
789 1383 841 1452 sit.

116 1633 189 1706 quod
212 1634 342 1708 sequitur,
364 1653 419 1688 non
440 1633 558 1709 judicio,
585 1631 632 1688 red
676 1631 1191 1706 rum,quihutpulcherrimadetrabca-

117 1715 317 1785 perturbatione
328 1715 428 1768 iactum
441 1714 482 1768 eit.
497 1721 561 1766 Dori.
677 1723 722 1764 tur
736 1725 906 1777 ornamenta,
921 1713 943 1769 ti
957 1713 1040 1766 nimia
1051 1710 1193 1764 acerbitate
1224 1747 1226 1752 ,

150 1800 192 1858 io.
207 1796 378 1860 Gladiatores,
390 1813 458 1866 pro,
470 1795 557 1866 ipsum
571 1811 631 1866 ape·
677 1791 843 1845 audientium
859 1791 1035 1846 excludantur
1054 1803 1191 1864 poctarum

119 1873 249 1926 ataculnm
262 1872 449 1944 gladiatorum.
677 1871 773 1934 fabulae
786 1872 815 1924 in
828 1871 871 1924 his
884 1871 955 1928 ludit
965 1871 1085 1926 edenda.
1104 1870 1191 1922 Locus

149 1958 192 2016 41.
212 1957 410 2009 Tumultuarrtur.
429 1953 503 2004 Jaut.
519 1949 561 2004 ed.
583 1955 633 2006 Tu·
677 1949 908 2024 magnipendens,
917 1963 947 2006 ut
955 1951 992 2006 ait
1001 1951 1192 2016 Dacieria‚nec

120 2035 251 2086 tralucent.
263 2059 300 2072 -
313 2035 436 2084 Clamant.
449 2031 479 2084 C.
499 2031 532 2084 G.
553 2049 589 2083 m.
610 2045 636 2082 et
677 2029 742 2084 eatis
753 2030 822 2084 bene
836 2031 1102 2100 adhucvexplauatut.

119 2114 235 2167 clamant,
255 2141 292 2150 -
308 2115 433 2180 Pugnant.
452 2109 540 2166 Mark·
558 2129 633 2176 repu—
713 2113 755 2174 46.
767 2115 852 2162 Artem
867 2115 994 2176 musitata.
1007 2108 1069 2166 Vid.
1084 2127 1157 2180 supr·
1167 2127 1192 2161 v.

14 2225 15 2228 =
118 2204 206 2258 girant.
225 2220 262 2230 -
275 2196 393 2258 Pugnant
412 2193 444 2242 de
465 2193 526 2241 loco.
552 2187 633 2254 Quod
679 2185 723 2250 ad,
737 2201 763 2242 et
778 2190 881 2244 ibtnot.

117 2267 241 2322 nimirum
256 2267 351 2324 iubae
366 2267 520 2340 spectaculo
541 2285 633 2320 omnen
714 2265 1192 2339 47.ltecidereadpaucos‚tractaria

119 2350 269 2422 promiscue
281 2349 413 2416 aederent,
422 2368 506 2420 quum
520 2347 548 2401 in
558 2349 633 2402 thca·
678 2347 857 2419 paucioribus.

119 2440 158 2482 tro
170 2429 298 2482 distincta
311 2441 399 2484 essent
417 2429 542 2482 subsellia
563 2427 635 2482 ordi·
715 2428 758 2490 48.
773 2427 853 2480 Hunc
862 2443 970 2482 vertum
980 2437 1006 2478 et
1020 2435 1072 2478 trec
1086 2441 1195 2494 sequen-

120 2507 553 2562 numfflaa-Dehacrectval.
562 2508 637 2575 Max²
680 2517 718 2560 tes
735 2507 832 2560 omittit
847 2497 926 2559 Both.
939 2523 1007 2577 quoa
1020 2502 1194 2574 aptepoeitot

121 2585 200 2651 lI‚4‚
218 2607 242 2639 η.
680 2597 768 2638 censet
787 2585 817 2636 in
839 2586 984 2638 Heautont.
1005 2581 1132 2651 Prologo,
1151 2580 1195 2632 bic

153 2673 196 2732 4².
208 2666 347 2732 Naupotui
358 2667 530 2716 tutarilocum.
541 2663 635 2721 Facete
680 2664 779 2718 minas.
798 2694 833 2706 -·
852 2666 939 2714 Facite
957 2675 983 2711 ut
999 2673 1083 2716 vestra
1099 2673 1193 2710 auctor.

121 2745 211 2816 repetit
224 2741 636 2815 locum‚vere.praecedentis;et
680 2749 747 2794 Mace
766 2743 920 2803 auctoritati,
947 2750 997 2792 etc.
1021 2739 1081 2792 Duo
1104 2755 1195 2790 sentus

122 2834 158 2879 ert
171 2823 246 2877 loeus
260 2821 357 2879 theatri
370 2822 400 2874 in
414 2839 469 2893 qua
489 2821 545 2891 ipse
562 2832 636 2872 actor
680 2820 893 2893 accipipoetunt,
903 2839 935 2874 ex
944 2817 1045 2890 duplici
1055 2823 1097 2870 τοῦ
1110 2833 1196 2870 auctu·

121 2905 220 2977 agebat.
384 2929 385 2940 π
680 2904 741 2952 ritas
758 2899 984 2971 interpretatione.
1005 2923 1018 2944 a
1028 2897 1192 2954 Votcomae-

153 2986 197 3050 43.
212 2987 295 3040 lltrba
305 3001 355 3034 non
364 2979 489 3052 ertvnlg.
499 2982 571 3030 turba
581 2982 636 3030 nul·
681 2979 738 3033 dias
750 2997 836 3051 quum
850 2979 962 3034 libenter
978 2976 1073 3032 audire
1088 2977 1198 3048 'caperi-

122 3069 195 3116 laest.
207 3062 354 3135 Sequimur
363 3059 635 3123 noeBeutl.-Turba,
680 3060 723 3126 tis,
736 3060 786 3112 erit
798 3057 918 3113 studium
928 3048 1102 3128 scriptoribus
1113 3061 1196 3110 maxi-

121 3163 207 3216 graece
228 3139 335 3213 ddpnssot.
349 3171 385 3182 -
398 3142 503 3190 Turbam
514 3136 637 3190 animad-
681 3157 764 3192 mum.
780 3137 860 3190 Unde
873 3156 933 3192 mea
948 3136 982 3190 ad
994 3135 1127 3207 agendum
1141 3153 1196 3188 cre-

122 3224 198 3276 vertit
213 3224 335 3274 Donatus
356 3218 449 3274 reterri
465 3217 500 3270 ad
517 3215 546 3270 id
564 3215 637 3288 quod
681 3231 736 3272 acet
748 3215 904 3282 atteteritas3
917 3216 938 3268 ei
947 3214 1197 3286 quidemmultiper

122 3301 285 3374 supradixit,
300 3301 638 3371 clamorrnulierummtium,
682 3317 726 3350 me
740 3297 915 3368 placebunt.»
936 3294 1006 3346 Gall.
1019 3305 1198 3357 verteremus,
1230 3303 1234 3314 ¹

121 3383 177 3452 πρὸς
189 3383 216 3434 τὸ
228 3393 361 3450 pugnarn
380 3381 517 3443 silentium,
535 3378 594 3448 πρὸς
610 3375 637 3430 τὸ
682 3392 754 3428 vove
765 3379 845 3428 credit
859 3376 1005 3426 soutierrdra
1019 3377 1042 3426 Ie
1062 3372 1197 3428 intentet

123 3465 239 3514 clumam.
684 3456 785 3527 explica
795 3473 802 3506 t
817 3481 830 3500 a
838 3455 935 3506 Vestra
948 3452 1104 3523 approbatio
1114 3450 1198 3502 faveat

156 3546 197 3603 44.
206 3545 320 3607 Tempus.
329 3535 532 3610 Opportunitas,
546 3553 640 3606 grace,
684 3533 871 3608 approbationi
892 3551 974 3604 quam
996 3531 1054 3602 ipse
1071 3531 1198 3583 Terentio

126 3622 244 3693 εὐκαιρία.
252 3621 356 3670 -ttitt
365 3622 449 3670 dauon
464 3630 509 3667 est.
520 3615 568 3668 His
577 3633 638 3686 pro·
684 3613 814 3674 concerni,
835 3629 919 3684 quum
938 3629 999 3664 eum
1014 3609 1093 3661 tutari
1107 3621 1132 3660 et
1146 3608 1198 3660 eri·

124 3699 201 3750 batur
227 3695 314 3750 tertiae
337 3695 460 3748 editionis
485 3695 557 3748 hunc
584 3711 640 3746 esee
685 3713 747 3766 gere
759 3693 787 3745 in
806 3711 847 3746 me
862 3690 1050 3761 susceperim.»
1064 3688 1133 3740 Gall.
1151 3707 1199 3755 que

124 3779 282 3850 prologum-¹
686 3788 757 3825 votre
771 3775 902 3840 jugement
919 3773 1010 3822 vienne
1034 3771 1163 3840 confirmer
1175 3772 1199 3818 le

160 3857 203 3922 45.
215 3863 329 3908 Potestas
341 3860 472 3928 conderer.
488 3859 538 3916 lud.
549 3857 638 3905 sceaic.
689 3859 768 3916 mica,
782 3873 829 3920 quc
842 3867 914 3903 notre
929 3851 1043 3918 suffiage
1056 3851 1104 3899 soit
1121 3852 1144 3902 Ie
1152 3868 1198 3915 gu-

123 3936 185 3986 Jam
194 3953 249 3988 non
259 3934 492 3998 deTerentio,nec
500 3932 640 4004 depopulo
686 3948 744 3985 rant
758 3937 791 3984 du
803 3935 878 3983 trien.
895 3929 983 3992 Quem
993 3927 1101 3999 quidem
1112 3938 1198 3998 poete-

124 4012 233 4084 quidem
255 4014 373 4084 loquitur
392 4011 480 4078 iactant
494 4031 587 4066 verum
605 4012 641 4064 ait
685 4013 783 4065 riorem
799 4029 907 4064 censum
923 4007 1046 4062 libentius
1057 4008 1202 4078 amplecte.

124 4092 641 4164 interesseludorumscenicorumipso·
686 4109 783 4145 remur.
