2824 4778
424 481 427 483 ,
473 407 666 476 ΡΗΟΒΜ.
694 407 845 478 PROL.
893 487 895 490 ¹
1123 402 1192 482 235

126 537 266 612 Nullum
287 538 435 614 invenire
456 536 632 632 prologum
651 551 767 632 posset
780 561 903 626 novus,
994 599 997 604 ,

127 648 239 734 Quem
258 645 400 730 diceret,
422 643 485 717 nisi
501 643 660 732 haberet,
681 645 736 715 cui
755 643 976 716 malediceret.
1165 666 1190 704 1⁵

125 755 160 820 Is
179 752 240 820 sibi
262 773 457 844 responsum
477 750 544 827 hoc
563 751 699 824 habeut:
715 753 751 820 in
771 751 881 822 medio
902 750 1058 822 omnibus¹

124 856 274 926 Palmam
294 881 364 930 esse
383 856 545 950 positam,
566 857 624 951 qui
639 871 745 952 artem
761 871 908 928 tractant
928 860 1102 930 musicam.

124 961 186 1060 Ille
209 963 252 1032 ad
270 962 392 1032 famem
412 963 504 1039 hunc
522 963 565 1034 ab
585 963 696 1036 studio
715 963 841 1034 studuit
858 965 1005 1053 reicere,

124 1070 190 1137 Hic
211 1066 553 1164 responderevoluit,
571 1094 640 1142 non
661 1069 832 1142 lacessere.

122 1175 309 1246 Benedictis
327 1176 355 1246 si
375 1188 546 1262 certasset,
572 1175 717 1248 audisset
731 1177 826 1250 bene.
1129 1196 1133 1204 “
1170 1205 1196 1232 ²⁰

123 1281 226 1371 Quod
248 1282 291 1350 ab
308 1279 365 1350 illo
381 1279 529 1353 adlatum
548 1297 615 1370 est,
635 1283 698 1351 sibi
716 1307 788 1354 esse
805 1283 841 1352 id
861 1281 1002 1354 relatum
1019 1299 1124 1380 putet.

121 1389 177 1456 De
196 1385 252 1455 illo
268 1401 341 1456 tum
359 1385 461 1456 finem
477 1387 597 1457 faciam
614 1387 749 1457 dicundi
767 1389 867 1473 mihi,

121 1491 289 1562 Peccandi
307 1517 411 1587 quum
428 1495 499 1588 ipse
518 1493 559 1562 de
582 1519 617 1562 se
631 1493 733 1564 finem
750 1493 876 1564 fecerit.

121 1693 186 1754 artis
196 1683 304 1750 musicae
313 1693 471 1750 certandum
482 1694 571 1750 videat
580 1713 637 1750 csse
682 1715 711 1770 e.
721 1696 790 1750 sicut
809 1695 947 1770 antiquiss.
966 1696 1032 1750 libb.
1045 1698 1134 1750 reicere
1149 1717 1198 1770 per

122 1773 185 1835 sibi.
197 1781 291 1826 Donat.
681 1795 767 1833 uuum
778 1779 796 1829 ἰ.
811 1775 895 1830 Andr.
905 1776 966 1830 383.
975 1775 1052 1830 Adde
1063 1778 1197 1830 Drakenb.

158 1859 203 1916 14.
215 1861 310 1906 Posset.
321 1849 352 1906 L.
364 1853 448 1926 antiq.
455 1857 583 1922 potuisset.
680 1854 716 1908 ad
737 1855 798 1910 Liv.
821 1855 872 1922 IV,
895 1855 942 1924 52,
960 1856 1008 1928 qui
1026 1855 1060 1909 de
1082 1856 1196 1912 lectione

158 1935 240 1986 16.1n
255 1934 346 1984 medio.
361 1931 392 1985 C.
405 1931 438 1986 G.
453 1951 491 1985 m.
506 1933 535 1985 in
548 1950 634 2004 marg.
681 1937 779 1986 adicere
788 1953 839 2006 pro
851 1937 960 2006 celsicere
971 1947 1093 1998 testatur,
1103 1935 1161 1992 haec
1170 1950 1198 1990 et

123 2009 173 2062 uin
188 2011 313 2082 publico;
332 2011 460 2082 quoniam
471 2022 555 2083 poetae
570 2011 636 2066 honi
680 2013 779 2067 similia
790 2015 869 2068 verba
889 2015 918 2068 in
935 2015 1043 2087 optimis
1061 2013 1140 2068 codd.
1151 2016 1197 2070 'ita

119 2088 305 2144 indifferenter
317 2088 462 2156 ducuntur,
472 2103 565 2142 utrum
578 2091 636 2144 lau·
681 2085 783 2146 exarari
798 2095 875 2146 solita
895 2095 985 2148 fuisse.
1001 2095 1088 2148 Etiam
1102 2115 1196 2150 versus

121 2166 637 2242 denturanvituperentur.»Quamglos-
680 2171 806 2227 emissum
814 2175 831 2240 j
847 2172 973 2243 requirit,
992 2185 1022 2226 ut
1031 2173 1128 2244 Virgil.
1137 2173 1196 2226 Ecl.

120 2249 239 2306 samfere
247 2249 367 2304 eamdem
376 2250 439 2302 Bru.
449 2267 511 2303 cum
520 2249 636 2306 suocod.
681 2249 738 2312 ΙΙΙ,
756 2253 800 2318 96.
811 2281 847 2292 -
858 2252 1011 2319 Adfamem.
1023 2251 1066 2304 Ad
1077 2253 1198 2324 inopiam

120 2324 212 2379 edidit.
224 2335 294 2378 -Is
306 2331 351 2380 sibi
361 2347 422 2396 resp.
435 2331 481 2378 hoc
495 2329 595 2384 habeat.
614 2331 637 2382 A
680 2325 815 2402 redigere,
826 2329 987 2386 abducendo
998 2332 1075 2384 illum
1084 2351 1099 2384 a
1109 2331 1198 2385 studio

121 2423 163 2459 me
177 2407 222 2459 ille
235 2425 394 2478 responsum
403 2407 636 2482 hocaccipiat.—
680 2420 706 2462 et
727 2409 809 2480 poesi.
830 2409 857 2464 ls
881 2409 949 2464 ordo
970 2411 1115 2464 verborum
1140 2423 1197 2466 est:

121 2491 150 2536 Ia
174 2489 256 2536 medio
278 2490 407 2552 omnibus,
440 2499 491 2540 etc.
516 2486 635 2544 Gloriam
681 2487 805 2540 «studuit
818 2487 928 2560 rejicere
942 2489 976 2541 ah
994 2489 1084 2542 studio
1105 2490 1140 2543 ed
1158 2491 1198 2546 fa-

120 2583 230 2636 poeseos
243 2565 366 2625 omuibus
380 2583 411 2617 ex
424 2584 500 2636 aequo
512 2567 636 2638 proposi·
680 2583 761 2620 mem.
770 2592 783 2611 n
794 2568 913 2640 Nempe,
930 2578 961 2620 ut
976 2577 1094 2622 cessante
1108 2568 1197 2622 studio

120 2657 174 2696 tam
194 2641 275 2710 esser
288 2664 385 2702 omnes
397 2645 431 2700 ad
445 2664 504 2698 eam
518 2647 641 2718 aspirare,
679 2655 705 2696 et
718 2643 858 2708 industria,
868 2647 939 2697 fame
953 2647 1054 2716 periret
1063 2658 1090 2698 et
1097 2647 1197 2720 inopia.

119 2743 204 2792 posse.
223 2721 225 2725 ’
717 2741 757 2790 19.
771 2728 826 2775 Hic.
836 2725 989 2782 Terentius.

159 2822 200 2874 ¹7·
221 2805 270 2871 Qui
286 2819 364 2856 artem
382 2819 492 2864 tractant
507 2824 569 2854 mus.
581 2803 634 2870 Qui
717 2821 760 2856 20-
774 2805 911 2854 Benedictis
921 2807 944 2856 si
951 2819 1074 2858 certasset.
1084 2804 1111 2860 Si
1120 2817 1196 2860 vetus
1219 2853 1244 2877 x
1259 2855 1262 2862 .

120 2881 265 2934 comoedias
277 2883 405 2936 scribunt.
418 2885 479 2936 Non
492 2882 587 2938 vitium
597 2903 636 2936 re·
680 2891 760 2952 poeta
769 2881 893 2934 humanis
904 2883 992 2937 verbis
1002 2896 1135 2938 certamen
1148 2905 1196 2938 nc-

120 2959 186 3012 lellit
203 2960 248 3012 hic
263 2974 356 3031 aperte
372 2960 528 3028 Terentius,
539 2981 594 3034 quo
607 2980 635 3015 se
679 2959 732 3010 bile
744 2958 852 3014 iniisset.
864 2965 1026 3014 —Audt'sset
1038 2966 1106 3018 bene.
1119 2965 1197 3016 Dicta

120 3040 236 3093 admittit
259 3040 430 3112 impetitum
452 3053 478 3094 et
503 3042 635 3094 concinne
679 3037 719 3090 illi
733 3037 936 3092 fuissenthona.
1156 3111 1157 3114 Ἴ

120 3132 210 3173 tamen
225 3119 371 3173 admodum
380 3120 509 3192 procedit,
518 3119 634 3174 redactis
716 3137 758 3170 π.
777 3122 898 3170 Relatum.
918 3120 950 3170 In
967 3119 986 3172 l.
1002 3121 1094 3172 Bemb.
1112 3126 1194 3174 rellat.

119 3199 296 3252 adsilentium
304 3197 520 3254 adversariis.Est
528 3219 644 3272 nempe,
679 3197 714 3249 ob
728 3195 859 3268 primam,
876 3209 907 3250 ut
927 3198 972 3250 Be.
986 3198 1118 3268 opinatur,
1131 3219 1195 3272 pro-
1280 3227 1284 3232 ·

90 3305 92 3310 ·
120 3277 193 3349 quasi
209 3277 325 3330 diceret:
346 3305 359 3325 ι
369 3279 497 3350 Prologos
511 3279 635 3354 equidem
679 3273 787 3330 ductam
796 3275 891 3348 syllab.
899 3275 970 3328 Vide
980 3276 1121 3331 Heautont.
1130 3279 1194 3356 339,

119 3359 273 3421 scriberem,
288 3358 359 3412 unde
374 3371 544 3448 nloscercntur
558 3361 635 3412 sabu-
679 3368 735 3407 not.
753 3385 789 3395 -
804 3359 894 3422 Quod,
911 3373 970 3428 qum
992 3357 1140 3410 maledicta.
1159 3389 1195 3400 -·

119 3434 207 3492 larum
226 3456 346 3490 mearum
363 3453 535 3509 argumenta;
549 3458 635 3512 quum
679 3439 765 3497 Putet,
775 3445 909 3504 agnoscat.

120 3529 210 3570 autem
233 3536 322 3569 meam
349 3515 455 3570 laudem
485 3519 559 3590 apud
588 3515 636 3573 vos
717 3515 1195 3586 ²²·F1'120mf‘lclamml7152p108lm·

120 3594 238 3648 deterere
267 3608 379 3648 conetur
408 3615 511 3668 semper
538 3589 636 3652 veteris
679 3591 743 3666 plici
756 3597 864 3645 cessabo.

119 3687 204 3746 poetae
215 3673 333 3740 invidia,
345 3675 413 3728 etsie
426 3675 479 3730 hoc
493 3677 569 3732 famae
585 3697 634 3731 no·
717 3671 1033 3746 23.tinem.Perl.fidem;
1043 3692 1134 3750 rursus
1144 3695 1197 3730 err.

120 3753 253 3825 minisque
282 3753 448 3825 propositum
477 3768 633 3820 certamen,
678 3753 963 3824 typ-Feceriavulg.
974 3773 1023 3804 non
1025 3753 1102 3820 facit.
1112 3753 1144 3806 C.
1156 3755 1191 3810 G.

120 3832 232 3886 minime
244 3851 349 3904 aequum
359 3844 397 3886 est
407 3852 450 3884 me
463 3834 549 3906 ipsum
563 3855 578 3888 a
591 3845 635 3888 me
678 3850 714 3884 m.
734 3851 784 3882 raon
796 3834 894 3897 saciat.
909 3833 943 3884 At
958 3833 1004 3884 Be.
1017 3831 1114 3886 omisso
1129 3854 1193 3898 non,
1213 3853 1216 3860 ’

119 3909 247 3976 defici3et
254 3931 361 3966 necesse
367 3925 406 3966 est
414 3913 635 3968 obtrectatoribus
678 3912 855 3981 repon-finem
862 3911 1039 3976 ficemtrecte.
1053 3909 1122 3964 Nam
1136 3932 1192 3966 me·

120 3990 328 4061 respondeam.»
679 3989 731 4040 rito
749 3986 901 4050 illiriaco
919 4002 1073 4062 suspectum
1092 4004 1143 4056 est,
1163 4005 1193 4046 ut

158 4062 316 4124 18.'Reicerc.
337 4072 367 4126 C.
383 4071 417 4124 G.
432 4091 468 4126 m.
485 4084 510 4126 et
523 4073 587 4126 Bru.
603 4073 636 4126 C.
679 4085 693 4120 a
708 4067 835 4120 sententia
849 4080 986 4132 exortum,
998 4088 1081 4141 quam
1094 4072 1195 4128 Donati
