2864 4776
225 353 296 440 346
456 355 636 424 PUBLII
660 355 906 428 TERENTII
931 355 1054 426 AFRI

221 490 265 560 Ν.
299 483 402 558 Sstin’
426 485 486 557 tibi
505 486 577 558 est?
600 489 667 558 Cn.
692 490 801 558 Immo
821 511 902 558 voro
922 487 1063 585 pulchro
1087 488 1223 560 ducedo
1259 504 1298 558 ot

219 703 263 771 Et
284 593 532 796 protoiinilpieois.
550 701 596 772 N.
620 702 674 772 Tu
696 699 756 771 tibi
775 725 898 772 nomen
918 699 973 772 dio
995 701 1086 798 quod
1107 701 1177 772 esti
1192 704 1293 772 Pno.

379 803 523 876 Mihin’?
544 807 721 894 Phormio,

219 913 347 982 Vestro
368 910 498 982 familia
514 911 627 984 hercle
647 915 793 998 amicus,
814 927 850 982 et
866 927 926 983 tuo
947 935 1097 984 summus
1115 913 1293 984 Phodriae.

221 1017 263 1088 N.
281 1017 456 1106 Phormio,
473 1033 508 1089 at
525 1045 588 1116 ego
605 1035 734 1092 ecastor
751 1018 891 1114 posthac
906 1020 980 1110 tibi,
994 1019 1085 1116 quod
1099 1035 1238 1116 potero,
1255 1035 1297 1088 et

404 1149 454 1196 uto
474 1124 583 1216 volus,

221 1145 417 1326 Faciamqrie
442 1246 477 1301 et
500 1232 617 1302 dicam.
638 1235 726 1304 Pno.
750 1233 897 1328 Benigne
916 1232 1007 1304 dicis.
1036 1233 1079 1304 N.
1107 1229 1169 1302 Pol
1188 1229 1295 1301 meri·

381 1350 451 1406 tum
466 1335 507 1408 ’st
525 1353 632 1408 tuum.
1237 1355 1296 1394 ¹0⁶0

221 1443 308 1512 ruo.
337 1443 414 1514 vin‘
431 1445 577 1539 primum
601 1444 702 1515 hodie
725 1443 859 1532 fucere,
890 1443 981 1538 quod
1011 1467 1075 1539 ego
1104 1442 1293 1539 gaudeam,

380 1552 597 1640 Nausistrata,

220 1657 265 1726 Et
281 1653 373 1759 quod
393 1670 453 1726 tuo
478 1659 551 1729 viro
572 1655 661 1728 oculi
677 1655 834 1726 doleant?
851 1659 893 1724 Ν.
919 1656 1039 1751 Cupio.
1058 1657 1147 1724 ruo.
1169 1657 1228 1723 Me
1245 1655 1293 1723 ad

381 1786 511 1833 ooeuarn
529 1787 621 1834 voco

221 1869 266 1938 Ν.
294 1865 353 1938 Pol
374 1893 454 1938 vero
474 1895 569 1940 voco.
590 1874 655 1940 Do.
673 1872 799 1940 Eamus
816 1870 905 1938 intro
921 1867 1010 1938 hino.
1030 1869 1098 1938 Cn.
1119 1867 1208 1950 Fiat3
1231 1866 1292 1936 sed

381 1975 440 2044 uhi
460 1991 510 2046 ost
526 1976 694 2063 Phaedn'o,

223 2153 333 2213 propter
353 2139 488 2194 blanditur
499 2139 668 2194 Nausistrata
676 2177 685 2204 ‚
703 2151 734 2194 ιιι
776 2137 861 2193 menti
876 2139 945 2193 ciros
960 2135 1100 2192 inferiores
1115 2137 1168 2190 hoo
1177 2136 1246 2203 tuit,
1260 2150 1294 2189 nt

221 2220 255 2274 sb
263 2232 410 2274 esvocrtnr
417 2219 452 2274 ud
459 2239 569 2274 conum.
577 2223 636 2275 Hoo
645 2234 733 2276 sutem
776 2219 886 2272 nomino
895 2236 986 2272 sorum
994 2229 1157 2290 quma
1168 2229 1195 2270 et
1206 2237 1291 2290 quum

220 2317 302 2371 supro
314 2299 419 2354 rolebst
433 2298 564 2363 dicendo,
573 2303 634 2352 mihi
639 2303 734 2370 prospi-
777 2296 923 2362 audissent,
931 2298 994 2370 ipsis
1002 2296 1154 2350 n'oruinibus
1166 2315 1212 2351 eos
1220 2315 1293 2351 oom-

222 2383 294 2432 cs‘am.
303 2377 346 2432 cf.
364 2397 403 2432 rs.
421 2378 497 2434 1035.
776 2377 905 2449 pellsrent
913 2376 1012 2431 statim.
1024 2383 1116 2430 Donat

261 2461 338 2522 1046.
352 2461 433 2511 Satis·
445 2461 489 2510 ts'bs'
501 2471 545 2511 est.
564 2458 607 2511 tl.
620 2461 680 2510 sutis
690 2459 730 2520 td,
815 2459 890 2520 1048.
906 2465 1005 2509 Vestro.
1020 2453 1063 2509 Sic
1076 2455 1158 2520 dixit,
1181 2469 1291 2529 propter

224 2537 322 2594 omisso
330 2537 379 2590 ubi.
392 2537 467 2591 Bent.
479 2535 541 2590 odd.
553 2539 652 2590 &mus
671 2549 733 2611 post
776 2535 937 2608 Antiphonti
948 2533 1198 2589 amicitiam-Itan.
1209 2536 1291 2608 Supp.

223 2634 272 2681 est,
289 2627 382 2671 contro
391 2615 470 2670 codd.
480 2647 515 2658 -
528 2619 606 2669 Satr'rs'
619 2619 662 2671 tibi
675 2629 732 2672 'estr
777 2613 1001 2676 filio-Summus,
1019 2613 1202 2668 amicissimus.

224 2700 287 2753 Horo
295 2697 330 2752 ud
338 2697 464 2752 moritum
473 2693 539 2750 dicit
550 2695 680 2762 Sostrata,
692 2717 734 2751 ro·
816 2694 891 2748 1050.
902 2697 1049 2762 Faciamque
1066 2709 1098 2746 et.
1107 2695 1140 2748 C.
1149 2695 1184 2748 G.
1200 2713 1238 2746 m.
1245 2697 1293 2766 sa-

223 2789 321 2850 gstque
331 2795 367 2830 un
376 2791 433 2830 rem
441 2773 544 2849 judicio
557 2775 607 2829 filii
624 2776 734 2850 permit·
778 2777 843 2826 ciam
852 2789 883 2826 er.
896 2773 926 2828 C.
941 2771 976 2826 G.
988 2772 1138 2840 objectam
1153 2787 1239 2842 atque.
1258 2805 1292 2815 -

222 2856 329 2912 tendum
338 2873 394 2910 esre
402 2865 515 2909 censent.
521 2855 647 2910 Chremes
654 2853 735 2928 igitur
777 2855 889 2922 Benigne
897 2851 1099 2906 dicis.Formulo
1110 2853 1206 2924 gratias
1216 2871 1293 2924 rgen-

224 2933 323 3010 goudio
339 2933 435 2996 elutus,
457 2951 541 3006 quum
557 2933 610 2986 sihi
630 2933 700 2986 nihil
718 2951 735 2986 u
778 2932 1140 2985 rium.-r1erisum'sesuum.
1151 2931 1194 2986 Fit
1210 2932 1290 3000 illud,

224 3014 280 3067 filio
290 3010 464 3065 metuendum
474 3021 541 3064 esset
549 3051 556 3076 ,
563 3015 664 3080 pulchre
674 3049 682 3075 ,
697 3011 736 3066 in·
778 3021 805 3064 to
812 3023 937 3065 merente.

224 3093 293 3168 quit,
303 3104 353 3146 eto.
366 3089 463 3162 Itaque
475 3105 582 3153 omues,
602 3105 677 3144 more
688 3089 736 3144 Te·
818 3091 893 3145 1051.
909 3093 982 3159 Quod
988 3109 1032 3160 ego
1042 3093 1122 3160 gaud.
1137 3089 1232 3162 Exple‚
1242 3091 1288 3144 uli·

225 3171 318 3238 rentii,
349 3169 398 3244 qui
428 3169 458 3222 in
485 3167 566 3240 culpa
587 3179 633 3222 unt
661 3179 734 3222 metu
778 3169 844 3242 quid
860 3169 1056 3242 propterquod
1073 3185 1123 3241 ego
1141 3169 1291 3242 gaudeam,

226 3265 318 3318 erum,
338 3247 392 3303 luti
406 3247 474 3302 hino
497 3248 611 3313 obeunt,
631 3248 736 3322 placato
778 3259 805 3302 ot
814 3261 923 3322 propter
934 3248 1025 3322 quod,
1038 3261 1089 3302 rto.

226 3331 398 3387 Nausistrata.
817 3329 897 3382 1052.
920 3333 973 3380 Tuo
988 3329 1062 3392 vtro,
1084 3345 1121 3382 so.
1141 3345 1186 3382 me
1197 3326 1294 3384 inrita-

264 3405 514 3480 1047.rusittttlud
524 3406 651 3480 ribs’‚qnod
659 3407 735 3461 Bent.
779 3417 876 3462 tumet
896 3407 1100 3461 occumbentem
1115 3423 1175 3460 nou
1192 3408 1292 3461 volenti

225 3487 735 3562 eood.reg.restituitoertoprobabitur.
780 3485 877 3540 vidoro.
890 3517 926 3528 -·-
941 3490 1012 3538 Oculi
1024 3490 1135 3540 dobant.
1150 3485 1232 3552 Quod
1244 3487 1292 3540 flat

225 3573 341 3642 Apparet
347 3568 419 3622 enim
426 3567 477 3621 hoc
486 3569 531 3618 tibi
538 3567 736 3640 magirsospon'·
779 3561 819 3618 itti
832 3563 945 3638 ἀλγηδὼν
957 3567 1092 3636 ὀφθαλμῶν,
1100 3577 1132 3618 ut
1140 3565 1292 3620 Graeoivul-

225 3647 290 3703 dere
302 3648 405 3720 τῷηιιῚιὶ
415 3644 491 3718 quod
503 3643 637 3718 seqnitur,
655 3662 736 3718 quom
779 3661 823 3716 go.
834 3649 938 3698 casaub.
952 3674 987 3684 -
1003 3649 1046 3697 Mo
1059 3647 1095 3696 ad
1108 3665 1204 3697 coenam
1216 3663 1292 3697 uoco.

225 3721 259 3798 τῷ
270 3743 354 3794 usum,
368 3724 440 3798 vulg.
451 3724 668 3778 leot—Phormio.
677 3723 736 3778 Hoo
779 3725 873 3778 Facete
886 3743 918 3776 ex
929 3741 1042 3794 persona
1054 3725 1198 3796 parasitico
1208 3726 1293 3778 hene·

225 3807 272 3860 olii
285 3803 409 3879 rejiciunt
427 3804 455 3857 in
473 3821 511 3857 vs.
525 3815 690 3876 sequentem.
700 3833 736 3844 -
778 3801 833 3857 fleti
842 3803 917 3876 optio
929 3805 1000 3857 sacto
1012 3815 1063 3867 est,
1077 3804 1150 3877 quod
1162 3805 1293 3877 promise·

227 3889 263 3936 Τιι
277 3887 321 3936 tibi
329 3903 417 3936 nomen
429 3885 469 3934 dic
480 3886 549 3951 quod
555 3892 609 3934 ests’
622 3883 695 3936 Bene
709 3895 736 3932 tu
780 3894 820 3937 rut
832 3883 937 3936 mulier.
945 3889 1037 3936 Bonas.

226 3964 384 4037 pronomine
401 3962 501 4028 utitur;
516 3962 576 4033 quio
591 3961 737 4016 nonhabet
818 3963 894 4017 1063.
907 3963 1093 4016 Fiatverbum
1099 3962 1152 4016 hoc
1159 3961 1292 4016 Chremeti

226 4059 334 4096 nomen.
353 4041 421 4095 Num
440 4039 619 4114 potentiorum
637 4041 737 4095 blaudi·
781 4041 997 4096 adscribatnr.-
1011 4045 1057 4094 uti
1073 4056 1109 4094 est
1124 4045 1222 4095 Phoedr.
1233 4045 1295 4113 jud.
