2824 4778
334 403 588 472 anonimo.
611 403 722 471 lor.
751 407 785 488 1,
811 403 877 472 sc.
903 405 951 472 11.
1105 383 1177 498 2249

109 534 227 604 Duxit.
242 537 310 603 Da.
326 536 417 624 Quid
430 535 566 606 narras?
582 539 623 606 G.
638 539 712 605 Hoc
727 535 817 629 quod
831 536 933 604 audis.
948 538 1017 605 Da,
1029 538 1060 605 O
1071 539 1175 627 Geta,

110 639 203 728 Quid
219 654 252 709 te
266 641 414 710 futurum
431 639 494 712 estl
513 647 554 714 G.
571 640 820 721 Nesciohercle
834 668 842 710 :
857 667 961 722 unum
974 643 1040 710 hoc
1055 645 1137 731 scio,

109 746 213 834 Quod
231 747 300 816 fors
318 747 419 835 feret,
441 749 584 818 feremus
600 773 694 841 aequo
710 750 831 817 animo.
850 751 918 817 DA.
935 747 1054 817 Placet.

107 847 211 920 Hem!
226 855 313 921 istuc
331 855 392 922 viri
408 854 449 924 ’st
459 856 617 924 officium.
634 858 675 924 G.
688 858 728 922 In
742 879 796 923 me
809 857 915 924 omnis
927 879 1001 948 spes
1013 856 1095 923 mihi
1108 872 1169 925 est.

87 1032 91 1038 ,
107 959 177 1026 DA.
192 958 319 1027 Laudo.
335 962 376 1029 G.
391 961 443 1029 Ad
457 976 664 1056 precatorem
677 961 810 1044 adeam,
825 961 942 1048 credo,
954 961 1015 1053 qui
1024 961 1106 1028 mihi
1135 985 1172 1028 uo

108 1064 163 1131 Sic
180 1080 274 1133 oret:
298 1095 315 1130 α
332 1091 421 1136 nunc
434 1070 563 1156 amitte,
576 1091 704 1162 quaeso‚
722 1067 832 1154 hunc;
851 1081 1006 1136 caeterum

108 1171 272 1255 Posthac,
290 1173 526 1266 siquidquam,
543 1171 590 1241 nil
607 1197 736 1267 precor.
758 1202 776 1237 »
801 1171 1047 1241 Tantummodo

107 1273 187 1344 Non
203 1277 318 1346 addit:
345 1308 362 1344 e
380 1279 437 1347 ubi
456 1305 519 1374 ego
537 1279 614 1347 hinc
638 1279 765 1366 abiero,
786 1277 839 1346 vel
855 1277 1005 1347 occidito.
1021 1307 1038 1342 s>

108 1383 178 1450 DA.
193 1383 285 1470 Quid
303 1383 502 1478 paedagogus
520 1383 590 1469 ille,
606 1385 663 1478 qui
679 1383 974 1454 citharistriam...?

107 1487 200 1575 Quid
212 1490 258 1556 rei
269 1488 373 1583 gerit?
385 1493 425 1560 G.
435 1493 504 1574 Sic,
517 1491 668 1560 tenuiter.
682 1493 751 1558 Da.
765 1492 842 1559 Non
852 1489 993 1578 multum
1003 1489 1124 1586 habet,
1136 1513 1172 1582 ¹⁴⁴⁵

107 1593 210 1681 Quod
227 1594 293 1682 det,
310 1595 459 1665 fortasse.
477 1600 518 1666 G.
532 1598 641 1664 Immo
662 1595 758 1682 nihil,
774 1597 836 1664 nisi
852 1621 943 1690 spem
958 1619 1093 1664 meram.

105 1699 1173 1794 Da.Paterejusrcdiit,annon?G.Nondum.Da.Quid?senem

106 1805 229 1893 Quoad
250 1810 445 1902 exspectatis
463 1807 633 1878 vestrum?
646 1811 688 1878 G.
712 1807 790 1876 Non
806 1822 934 1876 certum
955 1809 1040 1896 scio,

105 1983 141 1994 -
154 1935 315 2022 Ventum'st,
329 1957 489 2030 adjudices.
507 1991 542 2000 -
560 1960 619 2010 Vin.
661 1975 741 2009 nunc.
762 1957 790 2009 Si
815 1956 880 2029 quid
898 1969 985 2029 postea
1009 1959 1172 2030 peccaverit,

105 2036 197 2095 eimur,
224 2053 260 2088 ec.
282 2035 350 2090 Geta
371 2050 396 2089 et
417 2039 550 2109 Antipho,
572 2038 618 2108 qui
659 2055 713 2088 non
729 2034 904 2108 deprecabor,
923 2039 989 2109 quin
1007 2056 1094 2108 poenas
1108 2039 1172 2092 det:

104 2113 182 2184 quasi
191 2113 337 2168 exadverso
346 2117 465 2168 steterint
475 2116 618 2188 injudicio.
659 2115 742 2168 modo
770 2117 849 2168 etiam
873 2118 921 2169 iste
943 2116 1099 2188 deprecator
1122 2120 1173 2170 hod

143 2193 204 2246 136.
225 2197 312 2246 Duxit.
336 2196 423 2260 Quam
438 2195 573 2268 ingeniose
591 2199 618 2249 in
659 2213 714 2247 non
727 2195 823 2248 addat:
834 2197 885 2249 Per
896 2197 1009 2249 melleet
1020 2217 1080 2249 eum
1091 2199 1171 2250 etiam

104 2284 222 2326 extrema
235 2274 363 2328 senteutia
384 2276 529 2328 solemnem
548 2276 618 2329 hauc
659 2275 765 2328 occidas
773 2313 781 2339 ,
795 2276 842 2328 ubi
855 2295 903 2348 ego
916 2275 1085 2330 discessero.»

104 2364 130 2404 et
148 2353 224 2424 quasi
245 2353 419 2407 decretoriam
437 2356 555 2428 reposuit
572 2375 617 2409 vo·
697 2361 755 2417 141.
768 2360 868 2408 Amitae.
879 2357 924 2408 Be.
936 2354 995 2408 eod.
1006 2360 1093 2408 omitte.
1149 2377 1152 2381 ·

103 2451 163 2486 cem
175 2450 182 2484 :
194 2437 288 2484 Duxit!
297 2465 333 2474 —
343 2438 410 2502 Quid
416 2444 525 2486 narras?
536 2435 618 2488 admi·
697 2433 753 2497 143.
765 2439 849 2487 Addit.
860 2437 924 2486 Var.
935 2438 1029 2497 Melet,
1042 2438 1124 2486 addet.
1136 2465 1172 2474 -

102 2514 203 2577 rantis,
222 2533 278 2566 non
291 2515 484 2586 interrogantis.
496 2547 531 2555 -
542 2503 578 2566 HJ
591 2537 616 2584 q.
662 2517 718 2576 Vel,
732 2531 784 2581 pro
794 2516 877 2565 etiam.

103 2595 167 2644 aud.
181 2594 265 2658 Quasi
277 2593 381 2660 dicent,
400 2613 459 2665 quae
472 2613 533 2648 vera
547 2611 617 2649 sunt.
696 2597 754 2653 144.
775 2595 841 2658 Quid
850 2596 1004 2660 paedagogus
1022 2595 1070 2644 ille.
1088 2592 1171 2662 Supp.

142 2673 202 2742 137.
215 2679 256 2726 Te.
270 2675 303 2726 Id
315 2687 354 2727 est
364 2712 371 2737 ,
380 2674 414 2728 de
426 2690 459 2727 te.
657 2671 750 2740 agebat
770 2671 883 2735 interea,
896 2684 922 2722 et
939 2671 1057 2741 loquitur
1070 2669 1114 2722 hic
1136 2670 1171 2722 de

142 2753 203 2805 138.
223 2759 290 2806 Fors.
310 2755 342 2807 L.
361 2754 443 2826 antiq.
458 2773 516 2807 sors.
536 2754 617 2820 Quod
657 2748 788 2802 Phaedria.
805 2749 968 2822 Paedagogus
982 2763 1070 2802 autem
1087 2749 1174 2802 nomi·
1195 2811 1199 2818 .

101 2843 194 2883 ortum
211 2843 287 2902 putat
304 2835 380 2886 Bent.
397 2833 556 2904 typographi
575 2853 617 2884 er·
656 2841 754 2891 natur,
780 2831 828 2901 qui
847 2835 957 2898 puellam
976 2833 1060 2895 ducit,
1084 2848 1172 2900 neque

102 2927 173 2962 rore.
189 2938 225 2950 -
248 2915 321 2977 Quod
329 2913 388 2978 sore
399 2913 481 2980 seret,
501 2927 551 2964 etc.
568 2911 616 2965 fle
655 2907 779 2961 abscedit
801 2909 834 2961 ab
855 2911 911 2981 ejus
926 2909 1061 2974 custodia,
1084 2927 1173 2979 neque

102 3007 198 3059 graves
214 2990 364 3049 sententia,
383 3009 415 3042 ex
433 3010 546 3062 persona
560 3009 616 3043 ser·
655 2988 730 3040 illam
744 2989 801 3059 ipse
815 2989 955 3062 contingit.
970 2996 1062 3040 Donat.
1076 3019 1112 3030 -
1125 2993 1173 3056 Qui

102 3085 201 3118 vorum
222 3087 305 3138 quum
331 3069 476 3132 dicuntur,
498 3069 615 3124 ridicula
654 3070 835 3121 citharistriam.
849 3069 934 3139 Supp.
951 3081 1077 3132 sectatur,
1091 3079 1172 3119 amat.
1250 3115 1253 3122 ,

102 3159 224 3209 eunt,et
237 3167 269 3200 eo
280 3149 389 3202 consilio
403 3151 614 3222 interponuntur.
694 3147 751 3210 145.
765 3150 819 3214 Sic,
839 3151 950 3198 ten‘uiter.
977 3154 1108 3205 Δεικτῑκῶς·
1133 3149 1172 3196 Sic

102 3257 139 3266 -
156 3232 247 3280 Placet.
264 3228 329 3280 Mihi
348 3242 419 3298 grata
437 3244 476 3282 est
495 3231 552 3284 haec
571 3243 615 3284 tua
655 3225 798 3279 dicendum
816 3237 867 3290 est,
897 3244 957 3278 cum
980 3227 1069 3297 aliquo
1085 3235 1170 3294 gestu.

102 3305 188 3358 animi
202 3307 337 3361 fortitudo.
656 3306 759 3358 Gallice
775 3305 941 3366 diceremus,
956 3324 1050 3355 comme
1069 3323 1112 3376 pa,
1122 3322 1171 3369 pas

141 3385 201 3456 139.
212 3392 289 3437 Istue.
300 3387 413 3440 Fortiter
425 3407 484 3458 qua
494 3388 617 3442 accidunt
656 3399 708 3452 trop
720 3388 787 3437 bien.

102 3463 185 3514 serre.
666 3463 669 3470 ⁴
696 3463 759 3526 146.
772 3469 875 3516 Metam.
891 3463 947 3514 Ien.
960 3471 986 3514 et
995 3461 1062 3511 Ven.
1073 3479 1169 3512 veram.

141 3547 202 3604 rdo.
215 3546 320 3596 Adeam.
335 3544 375 3597 Al.
389 3550 616 3600 adeam—Laudo.
657 3573 692 3582 -
712 3548 832 3596 Fortasse.
847 3543 927 3596 Refer
946 3539 979 3593 ad
995 3558 1048 3590 nou
1068 3544 1169 3591 multum

101 3620 190 3691 Supp.
216 3621 335 3673 animum
360 3635 443 3676 tuum.
468 3657 502 3666 -
524 3630 615 3690 Credo,
658 3624 882 3673 habet-Immo.
897 3619 1060 3674 Aduerbium
1075 3617 1170 3671 confir-

100 3699 216 3751 verbum
228 3700 266 3752 ibi
277 3715 315 3754 eat
324 3701 456 3773 irridentis
466 3717 491 3756 et
499 3706 619 3774 profiteu·
658 3701 807 3752 11111ῑί1-
819 3707 930 3764 Merum,
942 3701 1034 3752 solam.

100 3777 179 3830 tisad
193 3779 395 3832 talecousilium
409 3800 499 3835 senon
510 3803 618 3836 conver·
696 3786 754 3849 147·
777 3784 863 3846 Quid?
883 3799 964 3831 senem
990 3781 1094 3860 Qupadr
1119 3788 1170 3828 elc-

99 3856 618 3915 tendumesseTotumautemilludeic
657 3857 886 3923 animadvertite,
908 3859 944 3910 ait
968 3859 1063 3908 Donat.
1090 3859 1173 3924 qaid?

99 3937 241 4006 intellige:
260 3939 374 4008 «Egone
391 3941 561 4012 confugerem
584 3941 618 3994 ad
640 3939 802 3992 'secuudum
812 3957 911 3990 morem
919 3936 1101 4008 quotidianum
1113 3947 1170 3988 tum

100 4017 219 4088 aliquem
231 4017 444 4089 deprecatorem,
455 4023 500 4092 qui
512 4041 562 4092 pro
574 4043 618 4076 me
658 4016 712 4070 dici
722 4057 729 4081 ,
741 4037 823 4088 quum
834 4016 864 4068 fit
877 4015 1003 4068 transitus
1011 4034 1026 4068 a
1035 4015 1173 4068 mentione

100 4097 141 4148 sic
151 4096 253 4150 herum
262 4110 368 4152 oraret:
380 4099 463 4153 Parce
474 4102 619 4173 illi‚quaeso
659 4095 767 4148 alterius
780 4096 819 4147 rei
833 4094 867 4148 ad
880 4095 998 4148 alteram·
