2776 4782
236 368 306 442 168
467 371 639 442 PUBLII
665 369 909 440 TERENTII
935 371 1054 440 AFRI

228 506 314 571 Tum
325 504 419 571 uxori
433 503 595 572 obnoxius
607 525 698 571 sumt
713 505 758 570 itu
769 500 849 574 olim
859 525 918 572 suo
929 525 983 572 me
995 503 1127 596 ingenio
1140 504 1299 596 pertulit,

200 591 209 622 ,
229 612 294 678 Tot
308 633 398 678 meas
408 609 554 702 injurias,
566 633 638 701 quae
650 633 820 702 nunquam
832 607 924 688 nullo
935 608 1091 703 patefecit
1100 607 1183 678 loco.

229 715 293 786 Sed
311 739 468 810 magnum
480 715 590 784 nescio
604 714 682 808 quid
696 737 829 786 necesse
846 729 896 783 est
911 715 1074 802 evenisse,
1092 717 1278 804 Parmeno,

228 822 384 891 Undeira
393 822 479 889 inter
489 845 543 889 eas
553 821 753 906 intercessit,
776 845 849 914 quae
864 834 931 889 tum
950 821 1131 915 permansit
1143 821 1209 891 diu.
1253 847 1296 887 ³05

228 931 314 997 Pan.
329 926 426 995 Haud
438 927 570 1020 quidem
579 913 859 1020 hercle'parvum3
873 927 900 995 si
909 929 958 995 vis
971 951 1052 996 vero
1062 951 1176 996 veram
1189 932 1296 999 ratio-.

385 1056 462 1101 nem
480 1034 630 1127 exsequi,

227 1142 305 1208 Non
316 1163 507 1223 maxumas,
522 1163 595 1233 quae
604 1148 765 1208 maxuma
775 1152 852 1207 sunt
862 1137 1029 1207 interdum
1039 1140 1113 1226 irae,
1127 1140 1267 1233 injurias
1292 1155 1301 1194 ⁶

163 1308 165 1316 ,
201 1243 1296 1344 ΙἘειοίυηῑὲηειιῐιετιερε,(]ιιίὶ>ιιεἰηνείπιεειίἰιιεηεἰηιῑιιεψιίἀοηιεειῑ,

178 1425 179 1428 ,
226 1354 339 1440 Quum
352 1351 394 1421 de
405 1350 519 1420 eadem
532 1375 631 1422 causa
645 1366 694 1420 est
710 1341 887 1424 iracundus
899 1350 1005 1421 factus
1015 1353 1270 1424 inimicissimus.
1292 1337 1294 1348 Α

225 1457 323 1527 Pueri
340 1459 426 1526 inter
442 1483 512 1528 sese
529 1482 611 1553 quas
621 1482 682 1552 pro
693 1457 820 1527 levibus
828 1458 935 1526 noxiis'
945 1459 1010 1526 iras
1021 1453 1155 1551 gerunt!
1237 1485 1294 1550 Ι3η,

146 1583 152 1592 ·
225 1563 463 1659 Quapropter?
481 1565 559 1659 quia
570 1561 657 1634 enirn
666 1565 723 1658 qui
733 1588 790 1634 eos
802 1565 966 1658 gubernat
975 1565 1105 1633 animus
1118 1565 1310 1634 infirmum-

384 1685 511 1765 gerunt.

260 1807 319 1859 302.
335 1809 478 1871 obnoxius,
490 1803 626 1873 addictus,
637 1804 734 1877 obliga·
757 1807 762 1816 “
776 1803 1269 1858 maximaenonfaciuntmaximaeirae.
1278 1829 1291 1848 u

222 1898 319 1938 tue.-
333 1885 486 1948 Olim,dum
503 1887 531 1939 in
545 1886 733 1939 alienoumore
776 1885 868 1950 Quum
887 1894 975 1938 autem
999 1883 1120 1940 maxime
1140 1886 1193 1936 eint
1217 1883 1289 1934 inter

222 1965 590 2034 detinererffi-SuoingeuQ,
605 1983 734 2032 maman·
777 1965 869 2016 ambas
890 1965 947 2036 irre,
972 1963 1050 2032 sapite
1075 1963 1179 2016 admitti
1205 1974 1292 2034 potest

222 2056 295 2096 euetu
307 2055 411 2096 natura.
635 2099 641 2116 .
776 2061 831 2096 non
847 2045 969 2097 maximae
991 2062 1047 2097 esee
1063 2043 1182 2115 injurias.
1201 2038 1291 2114 Juuge

260 2123 319 2175 303.
328 2126 402 2174 Nullo
407 2121 489 2189 pates.
504 2127 567 2174 Ioco.
580 2122 640 2174 Lib.
651 2122 733 2193 antiq.
776 2120 835 2175 haec
847 2123 935 2176 vereui
948 2121 1117 2198 praecedenti.

222 2207 248 2254 in
259 2206 326 2266 ullo,
337 2221 387 2274 pro
397 2205 473 2253 unito.
486 2231 521 2244 —
537 2207 580 2252 Tur
590 2220 658 2253 mear
667 2203 732 2270 inju·
813 2203 872 2256 308.
882 2206 997 2268 Faciunt,
1004 2202 1129 2274 gignunt,
1137 2200 1180 2262 vel
1190 2219 1223 2254 ex
1233 2199 1289 2271 qni·v

171 2285 173 2289 ’
224 2279 733 2352 riar.Cf.enp.136,eqq.-Quoe‚in·
777 2279 907 2349 burdam,
926 2283 1056 2354 probant,
1077 2279 1230 2334 ostendunt.
1254 2310 1289 2319 —

222 2360 326 2431 tellige:
339 2378 388 2411 «eu
398 2376 600 2430 qumnunquam
610 2356 734 2429 pateiepit
777 2361 857 2426 Soepe,
874 2381 961 2427 quum,
978 2376 1047 2434 empe·
1063 2358 1172 2423 accidit,
1191 2371 1232 2411 nt.
1254 2388 1289 2398 -

223 2458 294 2492 meae
320 2439 422 2505 injur.»
442 2437 516 2503 Neo,
535 2455 597 2490 cum
615 2439 733 2502 Donato,
776 2441 928 2502 Iracundus,
946 2439 1028 2492 homo
1045 2449 1141 2491 natura
1160 2436 1195 2490 ad
1219 2436 1288 2490 iram

224 2536 362 2602 perperam
377 2517 469 2572 credas
478 2537 534 2585 quoe
546 2515 662 2588 regimen
676 2535 733 2570 esee
775 2533 931 2588 propenens.
943 2520 1065 2584 Quatuor
1076 2519 1124 2571 hoe
1135 2535 1242 2581 verene,
1254 2534 1288 2568 ne

222 2605 263 2653 τοῦ
270 2600 393 2668 patefecit,
400 2609 425 2651 et
433 2595 620 2668 adomniapub.
628 2595 732 2649 referri.
777 2594 841 2667 quid
859 2595 1002 2651 desiderari
1022 2597 1117 2670 poerit,
1137 2597 1224 2649 eoiuto
1250 2596 1288 2648 eio

258 2666 426 2746 dod'ttaud.
445 2675 528 2746 Paris.
551 2673 594 2728 ed.
612 2681 665 2740 At,
683 2693 733 2747 pro
777 2693 899 2731 sermone
921 2678 1086 2731 offerimur:
1114 2701 1126 2723 e
1146 2676 1184 2728 Ut
1205 2675 1287 2738 dicis,

222 2762 307 2812 Haud.
327 2758 401 2810 Bent.
418 2761 478 2808 Aut.
495 2757 536 2808 at.
552 2755 641 2827 script.
659 2758 733 2805 Haut.
776 2753 856 2819 here,
870 2755 943 2810 haud
956 2775 1071 2828 parvum
1085 2754 1212 2829 quiddam
1223 2773 1288 2809 eve-

220 2838 323 2888 Locum
350 2851 460 2899 omnem
497 2844 581 2904 mutat
614 2831 731 2885 Bothiue.
776 2838 846 2890 nime
868 2849 953 2909 potest
975 2839 1045 2890 inter
1069 2855 1120 2889 eae.
1145 2835 1174 2910 Si
1198 2848 1287 2888 tumen

221 2945 258 2978 ---Ι
275 2919 389 2982 Parvum,
404 2913 498 2976 Donat.
511 2931 610 2978 parum.
628 2910 670 2962 At.
687 2909 733 2962 ad·
774 2931 874 2968 rectam
908 2917 1039 2970 rationem
1069 2916 1185 2971 volueris
1219 2935 1285 2968 oon·

221 2993 338 3046 duntest.
348 2988 732 3059 Quidamtpe'wlmnmafflwm·
775 2995 875 3058 eulere,
890 2996 1083 3050 animadvertes
1100 3014 1154 3047 non
1174 3013 1218 3048 eae
1231 3012 1288 3048 eese

220 3102 257 3112 -·
287 3071 367 3123 Haud
389 3071 486 3137 quidem
514 3069 593 3138 hercl?
618 3087 730 3136 parvum·
775 3075 1288 3152 maxi-marmanqunnaeeanturemaxi·

222 3179 234 3197 ιι
250 3151 380 3223 Equidem
393 3150 485 3218 'fateor
501 3165 607 3202 necesse
629 3165 684 3200 eree
702 3161 732 3202 ut
775 3133 1288 3228 misinjuriie.Namsnpereequmaliuni
1308 3151 1311 3158 “

221 3232 312 3285 nescio
336 3227 401 3308 quid
425 3245 550 3299 magnum
577 3227 731 3298 evenerit.»
775 3232 991 3297 nonoffendunt,
1005 3230 1286 3286 martimum'surorem

220 3312 297 3364 Hane
305 3306 545 3380 interpretationem
555 3305 609 3358 loci
617 3315 671 3358 tam
685 3306 732 3360 diu
775 3311 898 3382 injiciunt
913 3311 1018 3364 homini
1034 3309 1199 3364 iracundo.»
1218 3311 1286 3383 Sup-

221 3405 248 3442 et
266 3389 339 3444 varie
358 3387 444 3441 vexati
461 3405 512 3458 pro
530 3385 654 3438 omnibus
673 3388 730 3442 aliie
773 3389 903 3460 piendum
916 3390 1036 3462 insuper,
1054 3403 1084 3442 ut
1095 3389 1226 3443 sententia
1237 3391 1285 3442 ab·

220 3469 376 3532 offerimus,
394 3483 460 3538 quae
477 3463 538 3534 ideo
553 3464 728 3520 reticebimus.
775 3469 892 3522 solvatur
906 3487 913 3520 τ
925 3496 938 3515 a
949 3471 1019 3542 Ergo
1032 3469 1102 3526 istud
1113 3466 1284 3544 quod'dieie:

220 3547 730 3611 -Vem,autem.--1tatiouem‚cau·
774 3552 898 3617 (necesse
924 3561 962 3603 eet
988 3549 1053 3622 quid
1081 3567 1209 3621 magnum
1232 3567 1287 3601 eve·

128 3621 132 3628 ⁴
219 3649 283 3682 eam.
297 3627 462 3692 ..raeque
475 3623 623 3695 inquirere,
637 3643 731 3696 perve-
773 3629 1241 3702 nieee,)poteetno'nemererumn.

221 3711 324 3782 stigare.
628 3727 632 3736 ’
810 3713 871 3760 310.
887 3714 963 3774 Quas.
972 3708 1017 3762 sic
1029 3727 1078 3761 noe
1088 3727 1120 3762 ex
1129 3709 1214 3761 Bentl.
1225 3723 1287 3782 poet
1370 3741 1371 3746 =

254 3789 313 3853 307.
326 3784 435 3858 Beptlpii
449 3795 475 3841 et
487 3783 577 3838 Bothii
590 3785 729 3864 mire-mu·
749 3785 751 3790 ’
772 3787 866 3840 Perlet.
889 3807 938 3859 pro
952 3807 1026 3858 quam
1040 3789 1109 3860 vulg.
1126 3818 1162 3829 -
1178 3791 1286 3841 levibus.

219 3866 502 3938 tutaprteterimm.-
515 3867 570 3915 Non
584 3883 727 3938 mqaeumm,
772 3866 841 3937 Perl.
871 3869 973 3928 livitus,
996 3885 1104 3930 errore,
1133 3878 1163 3918 nt
1186 3866 1285 3939 liquet,
1370 3859 1371 3897 ³

217 3963 286 4011 quae,
297 3955 347 3997 eto.
360 3944 467 4018 Injurire
480 3943 580 4009 furiunt
594 3943 660 4005 irae,
673 3963 729 4006 non¹
771 3945 969 4018 typographico.
983 3975 1018 3987 ·-
1029 3948 1125 3998 Norer‘is.
1136 3945 1179 3996 At.
1189 3949 1272 3998 nereis.

217 4024 263 4074 irae
275 4021 455 4093 injuriamsqd
470 4036 508 4075 eet
521 4022 566 4076 hio
577 4021 726 4096 hypallage.
808 4025 867 4077 3η.
888 4026 1006 4087 Animus,
1024 4043 1073 4096 pro
1093 4026 1219 4090 animum,
1237 4043 1285 4096 per
1357 4077 1370 4086 ,,

217 4101 333 4172 βοειίῑιιε
348 4117 363 4151 εΥ
373 4118 454 4163 «nam
474 4101 578 4176 injurie
594 4119 653 4173 quaa
666 4114 727 4155 eunt
771 4103 961 4158 attractionem.
977 4135 1011 4146 -
1023 4109 1080 4167 Eos,
1092 4122 1196 4176 pueros.
