2776 4782
266 391 272 399 ,
372 321 599 389 uncini.
628 321 732 390 ner.
761 322 829 405 1v,
856 321 922 388 se.
950 319 1002 386 11.
1151 345 1220 415 ¹97

145 454 239 525 Nam
263 451 310 520 mi
329 451 418 521 intus
437 466 513 521 tuus
534 465 629 548 pater
654 452 802 521 narravit
822 451 942 539 modo,
973 475 1040 545 quo
1056 468 1155 546 pacto
1171 478 1224 521 me

314 557 471 652 habueris
978 586 981 596 ·

147 665 369 760 Praepositam
390 653 495 732 amori
516 678 599 733 tuo:
621 689 711 733 nunc
732 663 792 733 tibi
813 689 867 732 me
890 676 1018 731 certum
1041 678 1091 732 est
1112 680 1227 734 contra

277 829 279 831 .
314 784 454 864 gratiam
870 781 872 786 '

137 874 308 966 Referre,
326 890 364 944 ut
381 875 471 970 apud
484 901 537 945 me
556 877 729 971 praemium
741 899 811 944 esse
822 876 967 969 positum
984 877 1097 970 pietati
1111 878 1203 946 scias.

151 987 208 1055 Mi
225 980 413 1077 Pamphile,
436 983 501 1052 hoc
517 996 550 1053 et
565 982 660 1051 vobis
680 996 714 1050 ct
726 1005 808 1050 meae
823 981 1037 1050 commodum
1056 982 1152 1052 fama
1173 1007 1227 1052 ar·

316 1088 433 1157 bitror.
1190 1110 1229 1150 aas

153 1199 232 1290 Ego
242 1220 297 1264 rus
309 1194 473 1262 abituram
484 1194 775 1264 hinccumtuomc
789 1218 860 1262 esse
874 1207 966 1262 certo
976 1194 1109 1263 decrevi
1124 1209 1230 1290 patre,

152 1305 210 1370 Ne
225 1326 298 1370 mea
313 1301 489 1395 praesentia
502 1299 630 1385 obstet,
654 1323 720 1367 neu
732 1324 832 1369 causa
844 1298 911 1369 ulla
926 1315 1028 1370 restet
1044 1300 1192 1396 reliqua,

155 1409 254 1498 Quin
271 1421 327 1476 tua
341 1407 538 1475 Philumena
549 1405 592 1475 ad
604 1421 637 1476 te
650 1405 773 1475 redeat.
788 1410 879 1476 Pan.
893 1408 1033 1496 Quaeso,
1054 1406 1134 1501 quid
1148 1408 1232 1476 istuc
1317 1471 1322 1480 .

320 1513 437 1582 consili
453 1511 527 1581 est?
1250 1591 1253 1596 ,

156 1617 255 1690 Illius
273 1617 413 1688 stultitia
432 1620 541 1705 victa,
558 1643 598 1686 cx
612 1617 695 1686 urbe
711 1632 748 1686 tu
762 1643 819 1686 rus
832 1617 1018 1687 habitatum
1032 1616 1181 1712 migres?

156 1729 242 1798 Non
262 1726 360 1794 facies
373 1749 512 1819 3‘neque
531 1725 654 1810 sinam,
675 1739 733 1812 ut,
761 1724 818 1818 qui
839 1723 957 1809 nobis,
984 1738 1112 1812 mater,
1135 1723 1235 1794 male·

324 1831 450 1900 dictum
468 1831 562 1917 velit,
1148 1896 1151 1902 ,
1198 1852 1236 1904 ⁵90

156 1939 243 2007 Mea
256 1938 437 2032 pertinacia
452 1962 522 2006 esse
538 1937 628 2005 dicat
640 1933 783 2023 factum,
805 1935 896 2004 haud
909 1950 966 2005 tua
977 1936 1152 2006 modestia.

156 2046 252 2132 Tum
269 2059 342 2112 tuas
357 2045 478 2112 amicas
491 2057 525 2112 te
537 2059 570 2111 et
581 2056 739 2136 cognatas
757 2041 928 2132 deserere,
949 2058 983 2112 et
999 2044 1099 2114 festos
1116 2043 1185 2114 dies

113 2245 118 2256 ·
204 2227 343 2282 582.Nam
353 2225 683 2290 miiatus‚etc.1nnuitni·
726 2227 1237 2293 meeaseabituramrua,nemea‚etc.·
1267 2257 1272 2264 ·

160 2307 528 2379 mirumsuperiora,vs.515;
536 2306 604 2360 dixit
612 2306 683 2359 enim
764 2304 824 2374 589.
835 2309 918 2369 Illius,
931 2305 1104 2360 Philumena.
1113 2339 1148 2348 -
1158 2311 1240 2360 Stalti-

164 2386 274 2440 Laches
286 2405 377 2458 supra,
388 2389 499 2458 «Atque
513 2387 542 2438 in
559 2405 617 2440 eam
631 2386 683 2439 hoc
728 2384 975 2457 tia,imprudentia.
988 2422 1020 2432 -
1038 2390 1122 2448 Victa,
1137 2386 1239 2440 adacte.

165 2484 252 2520 omne
277 2466 351 2536 quod
378 2466 444 2518 mihi
467 2485 535 2538 aegre
561 2480 600 2519 est
622 2483 684 2519 evo·
765 2465 826 2531 590.
841 2469 898 2515 Non
906 2466 963 2534 sae.
973 2464 1076 2517 Blande
1085 2464 1241 2519 dissuaden-

162 2563 270 2597 mam.»
279 2544 367 2596 Potuit
381 2545 452 2596 enim
466 2545 614 2597 evomendo
624 2563 684 2596 nar·
729 2544 770 2596 tis.
780 2547 867 2611 -Qni
874 2545 941 2594 nobis
947 2549 1008 2596 mal.
1018 2549 1070 2596 vel.
1079 2545 1241 2616 quicumque

164 2641 257 2688 rasse,
276 2622 350 2694 quod
366 2636 476 2677 matrem
496 2623 568 2678 filius
585 2641 685 2696 praepo·
729 2623 807 2675 nobie
824 2624 974 2676 obtrectare
985 2623 1106 2694 cupiunt.

164 2703 266 2756 suisset
280 2702 364 2755 uxori.
380 2709 473 2756 Donat.
767 2701 828 2769 591.
840 2702 1015 2770 Essesaetam,
1026 2700 1127 2754 scilicet
1137 2720 1186 2754 cur
1195 2703 1243 2756 ha·

209 2780 270 2835 583.
285 2788 343 2836 Am.
357 2796 405 2834 ato.
415 2783 477 2836 Plua
484 2781 553 2836 dixit
566 2800 645 2853 quam
655 2782 687 2848 si,
730 2780 843 2832 bitatum
854 2799 901 2832 rua
909 2779 997 2834 iveris.
1005 2809 1041 2820 -
1051 2784 1184 2849 Modestia,
1192 2799 1245 2834 mo·

167 2862 249 2911 uxori
265 2873 313 2912 taoe
329 2859 438 2914 diceret.
454 2893 489 2902 -
499 2867 541 2913 Me
551 2875 640 2912 certum
650 2874 688 2912 ese
731 2859 881 2926 deratione,
896 2859 1030 2912 facilitate.

167 2940 274 3008 rqferre.
301 2939 359 2994 Stat
379 2939 446 2992 mihi
467 2939 642 2994 deliberatum
661 2947 687 2993 et
768 2939 829 3008 592.
845 2945 903 2990 liam
917 2953 973 2990 tuas
990 2943 1069 2992 amic.
1083 2951 1133 2992 etc.
1145 2941 1178 2991 In
1189 2938 1243 2993 die·

168 3019 354 3084 constitutum,
362 3025 553 3084 eta—Contra,
563 3021 688 3075 vicissim.
731 3017 868 3074 suadendo
888 3019 1054 3074 commiscuit
1074 3032 1100 3072 et
1121 3011 1247 3072 horienta-

169 3131 208 3140 --
221 3103 347 3164 Gratiam,
364 3100 551 3168 beneficium„
673 3117 675 3121 ’
733 3111 787 3152 tem
812 3109 839 3150 et
857 3098 1009 3152 utilitatem.
1025 3130 1061 3141 —
1080 3104 1162 3150 Festos
1185 3102 1247 3152 dier.

199 3176 270 3240 684.
281 3182 378 3232 Pietati·
388 3179 433 3233 Sic
446 3180 542 3233 l.Vict.
558 3181 590 3232 In
606 3179 689 3252 antiq.
733 3179 802 3231 Vult
810 3177 893 3230 Paria.
903 3179 932 3230 in
946 3196 1031 3249 marg.
1047 3177 1102 3230 dici
1116 3177 1173 3230 haec
1182 3179 1249 3231 secta

166 3260 279 3328 pietatis.
290 3288 326 3298 -
335 3264 367 3310 Ut
374 3279 416 3328 ap.
427 3279 466 3311 me
469 3279 559 3328 praem.
570 3279 633 3323 esse,
640 3271 690 3312 etc.
733 3260 861 3328 χαριστὶα,
870 3257 967 3327 quibus
979 3267 1076 3328 praeter
1087 3266 1212 3332 cognatos
1223 3269 1249 3310 et

172 3339 263 3390 Locus
273 3337 327 3390 fere
337 3357 474 3410 expressus
482 3358 515 3392 ex
522 3338 609 3391 Plaut.
618 3339 691 3393 Pan.
736 3337 830 3390 affines
845 3355 925 3389 nemo
944 3335 1174 3406 interponebatur.
1185 3336 1246 3388 Val.

174 3417 210 3481 V,
225 3422 379 3486 4,17.Perl.
735 3415 807 3468 Max.
820 3417 865 3479 11,
881 3434 904 3476 1,
919 3415 982 3466 8.-
991 3414 1095 3467 Fortius
1104 3413 1175 3466 hanc
1187 3432 1248 3483 φαν·

211 3493 272 3548 585.
286 3499 324 3546 Mi
345 3498 486 3564 Pamphile,
501 3498 547 3548 lma
567 3511 591 3548 et
604 3499 690 3558 vobis,
736 3494 821 3546 τασίαν
856 3492 976 3546 Catullus
1010 3505 1097 3546 movet
1133 3491 1250 3545 carmine

174 3587 225 3627 etc.
237 3575 305 3626 Rem
315 3574 411 3628 duram
418 3573 531 3642 dictura,
541 3575 603 3628 vide
610 3593 693 3647 quan·
737 3573 848 3633 thtt.
861 3591 903 3627 ve.
917 3572 950 3626 58
960 3590 967 3624 :
979 3573 1089 3644 «Egone
1106 3589 1122 3624 a
1133 3589 1192 3624 mea
1205 3590 1249 3624 re·

177 3653 210 3706 tie
232 3653 439 3724 praeblandiatur
457 3655 562 3719 verbis,
583 3673 693 3727 remque
737 3663 808 3706 mota
821 3651 878 3704 haec
892 3653 963 3705 ferar
979 3652 1008 3704 in
1021 3669 1131 3704 nemora
1151 3650 1251 3703 domo?

178 3733 346 3803 proemolliat.
737 3731 843 3795 Patria,
856 3731 934 3785 bonis
946 3769 953 3794 ,
971 3731 1080 3792 amicis,
1091 3730 1255 3800 genitoribus

111 3829 113 3832 ·
218 3811 277 3866 586.
293 3816 374 3865 Certo.
386 3811 428 3862 nl.
438 3816 614 3864 certa-Certo
625 3816 693 3866 decr.
739 3810 838 3864 abero?
849 3811 936 3863 Abero
947 3814 1014 3871 foro,
1024 3810 1145 3882 palaestra
1154 3848 1162 3873 ‚
1171 3808 1255 3863 stadio

185 3888 228 3942 Sic
251 3890 389 3950 affirmat,
413 3909 448 3943 ne
468 3891 504 3944 sit
524 3889 695 3944 dissuadendi
740 3889 961 3962 etgymnasiisin
975 3887 1092 3942 Vid.ed.
1104 3901 1187 3943 noatr.
1204 3889 1255 3943 Ca·

184 3967 266 4022 locut.
273 3968 349 4023 Ordo
356 3981 410 4024 eet:
421 3971 499 4042 «Ego
508 3983 580 4024 certe
589 3968 695 4024 decrevi
741 3971 797 4022 tull.
815 3988 874 4042 pag.
890 3987 949 4022 ano.

1018 4066 1120 4167 '13³
