2812 4788
345 376 562 446 HECYRA.
591 377 697 447 tet.
726 379 760 460 I,
785 377 851 448 SC.
880 374 930 446 ΙΙ.

1100 385 1170 476 149

101 505 178 576 Plus
191 521 313 601 potus,
334 532 404 577 sese
419 507 477 577 illa
489 509 654 579 abstinere
671 523 710 578 ut
725 508 895 603 potuerit?

102 615 180 683 Non
202 612 379 683 verisimile
397 613 497 699 dieis,
514 639 577 684 nee
598 639 716 684 verum
730 615 885 684 arbitror.
1064 699 1068 708 Ι
1134 645 1172 689 xa,

103 721 190 788 Pan.
208 719 321 799 Credo
333 721 379 789 ita
396 721 501 790 videri
517 721 577 790 tibi
595 747 602 790 :
617 745 694 792 nam
709 746 808 790 nemo
822 721 864 790 ad
877 734 910 790 te
926 724 1018 792 venit

102 826 176 894 Nisi
193 827 333 920 cupiens
347 824 414 915 tul3
439 825 493 895 ille
514 828 637 896 invitus
656 825 745 896 illam
764 825 914 896 duxerat.

102 933 164 1001 ΡΗ.
187 932 282 1022 Quid
296 932 415 1002 deinde
429 931 492 1002 fit?
505 935 591 1003 Pan.
609 933 738 1003 Diebus
757 957 836 1002 sane
852 932 1000 1028 pauculis

102 1040 200 1124 Post,
220 1037 412 1134 Pamphilus
434 1064 487 1109 me
508 1039 615 1108 solum
638 1038 765 1109 seducit
784 1038 889 1127 foras,

102 1145 306 1238 Narratque,
323 1159 363 1213 ut
382 1145 478 1240 virgo
494 1145 537 1213 ab
553 1171 589 1215 se
608 1147 737 1240 integra
748 1146 847 1214 etiam
864 1160 935 1215 tum
950 1148 1030 1228 siet,
1134 1174 1170 1216 nu

103 1252 211 1344 Seque
225 1266 319 1338 aute,
334 1276 433 1345 quam
446 1276 520 1321 eam
541 1277 679 1322 uxorem
698 1251 844 1321 duxisset
860 1251 1012 1338 domurn,

102 1357 274 1450 Sperasse,
290 1381 346 1426 eas
362 1356 505 1427 tolerare
519 1383 617 1452 posse
630 1359 772 1452 nuptias.

110 1462 208 1532 «Sed
224 1487 323 1558 quam
342 1463 504 1532 decrerim
526 1489 579 1532 me
597 1488 665 1532 non
684 1487 781 1559 posse
799 1462 920 1534 diutius

104 1569 252 1656 Habere,
272 1593 345 1638 eam
358 1568 501 1639 ludibrio
515 1570 647 1655 haberi,
667 1573 847 1656 Parmeno,

104 1675 194 1762 Quin
212 1677 376 1770 integram
392 1676 506 1744 itidem
524 1676 679 1764 reddam,
701 1690 739 1744 ut
758 1675 872 1769 accepi
887 1675 930 1742 ab
947 1677 1027 1762 suis,
1135 1704 1172 1742 ιε.

103 1779 220 1875 Neque
237 1781 414 1865 honestum
437 1783 534 1869 mihi,
548 1807 655 1878 neque
668 1780 749 1850 utile
763 1807 825 1875 rpsr
842 1806 963 1875 virgins
980 1795 1037 1852 est.
1055 1811 1072 1846 u

104 1889 165 1956 Pu.
187 1890 285 1957 Pium
298 1913 337 1957 ac
357 1889 515 1982 pudicum
532 1889 702 1984 ingenium
717 1911 832 1955 narras
847 1877 1021 1982 Pamphili.

139 2039 197 2107 139.
212 2046 295 2094 Polus.
307 2041 338 2094 C.
352 2041 387 2096 G.
405 2061 441 2095 m.
457 2053 484 2095 et
496 2042 539 2094 Br.
551 2041 612 2094 cod.

51 2135 53 2140 ’
104 2117 232 2188 edpotis,
249 2138 396 2190 perperam.
409 2151 444 2161 -
459 2126 515 2173 Plus
532 2135 613 2188 potus.

104 2197 208 2251 Plenior
217 2199 320 2252 locutio
331 2212 383 2262 est,
388 2204 447 2267 plus
457 2202 528 2252 solito
533 2213 612 2268 potus.

139 2285 196 2342 140.
210 2283 264 2330 Nee
276 2299 329 2331 ver.
339 2279 438 2332 Omnes
449 2281 525 2332 Bent.
535 2299 613 2346 neque

103 2375 194 2410 verum.

138 2443 197 2500 141.
206 2439 285 2490 Credo
297 2440 333 2488 ita
345 2440 429 2490 videri
439 2441 491 2491 tibi.
504 2438 546 2492 Ex
556 2457 612 2492 me·

103 2517 200 2571 retrieis
224 2536 335 2588 persona
366 2529 453 2572 totum
483 2517 612 2570 refellitur

103 2595 172 2667 quod
180 2597 228 2648 illa
240 2595 340 2668 objicit.

140 2677 198 2741 143.
212 2679 317 2728 Deinde.
327 2675 377 2728 Me.
388 2666 497 2746 quiddm
506 2687 534 2728 et
546 2675 612 2730 editi

104 2756 168 2806 inde:

139 2840 195 2899 144.
209 2838 343 2886 Mesalum
358 2836 453 2888 seducit
458 2835 543 2902 foras.
561 2833 611 2886 Fa·

105 2912 208 2966 miliaria
223 2914 252 2965 in
267 2931 344 2966 servo
354 2913 494 2985 jactantia.

138 2992 196 3055 165.
210 2998 241 3044 Ut
251 2995 324 3061 virgo
332 2996 364 3044 ab
371 3013 398 3044 se
408 2995 499 3061 integr.
510 3002 560 3044 ete.
567 2991 613 3058 Ut,

103 3071 171 3142 quod
181 3071 217 3125 ad
225 3091 254 3126 se
261 3069 613 3144 pertinet,rirgoetiamtum

103 3151 252 3224 incorrupta
266 3163 382 3204 maneat.
441 3194 445 3202 .

138 3236 284 3301 146.Sequs.
291 3229 378 3284 codd.
387 3228 614 3301 quidprteferunt

103 3315 198 3380 serique.

138 3399 196 3461 147.
208 3395 333 3444 Tolerare.
346 3390 396 3444 Ms.
408 3389 482 3459 Lips.
496 3393 588 3440 tollere.

137 3471 195 3532 148.
210 3473 345 3523 Deorerim.
361 3473 390 3522 C.
402 3467 436 3522 G.
451 3486 488 3520 m.
501 3471 612 3521 decreve-

103 3551 181 3602 verun.
194 3579 231 3589 -
240 3553 291 3600 Sed
300 3570 326 3618 q.
344 3551 398 3600 dee.
409 3547 535 3618 Sequitur
549 3566 613 3600 oon·

103 3627 210 3681 structio
217 3627 319 3682 directa
330 3625 479 3699 obliquum
490 3643 548 3696 quae
558 3625 614 3697 qui·

103 3705 163 3760 deus
180 3706 335 3760 Terentiani
356 3717 394 3760 est
411 3705 541 3776 elegantia
561 3724 613 3758 ser-

10 3841 12 3852 ,
104 3784 309 3840 monis.—Fuse
323 3785 469 3840 admodum
480 3797 506 3838 et
518 3783 614 3838 doctis·

10 3871 12 3898 ῑ
103 3865 167 3916 sime
186 3877 272 3918 totum
291 3865 364 3918 hune
383 3865 473 3918 locum
484 3864 614 3916 Boeclerus

104 3944 214 4014 explieat
227 3957 252 3996 et
262 3943 297 3996 ad
310 3946 417 3998 comice
429 3942 491 3997 artis
504 3961 614 3995 examen

104 4021 206 4092 redigit,
215 4023 320 4092 longius
332 4041 413 4093 quam
423 4019 496 4092 quod
506 4039 520 4072 e
530 4039 559 4072 re
572 4039 618 4074 no·

615 2597 618 2610 l

658 2052 714 2094 stra
726 2051 774 2093 est.
788 2069 824 2080 -
841 2044 935 2106 Quam,
953 2059 1101 2112 pronomen
1119 2054 1167 2094 est.

657 2149 694 2160 -
705 2123 844 2183 Decrsn'm,
867 2118 1058 2172 constituerim.
1077 2149 1112 2180 7-
1127 2129 1170 2172 Me

657 2217 706 2250 aton
715 2218 788 2265 posse
801 2201 863 2252 diat.
879 2202 943 2251 Has.
956 2199 1041 2264 Quasi
1052 2197 1168 2264 diceret,

657 2295 745 2350 quam¹
755 2275 880 2332 constitui
896 2277 970 2334 brevi
994 2296 1009 2332 a
1023 2296 1066 2331 me
1080 2277 1168 2332 dimit·

656 2367 721 2410 tere.

695 2443 753 2504 149.
763 2441 827 2488 Eam
846 2440 898 2488 Iud.
910 2435 1015 2488 Omittit
1027 2455 1083 2486 eam
1098 2453 1169 2490 unus

657 2532 701 2585 ap.
713 2515 794 2568 Boeel.
803 2520 908 2566 —Eam
918 2518 971 2567 Iud.
980 2516 1036 2566 hab.
1044 2513 1108 2586 Ejus
1118 2533 1166 2586 pu·

656 2591 715 2644 dori
726 2592 845 2646 illudere.

695 2670 752 2723 150.
773 2675 810 2721 Ab
826 2674 886 2722 suis.
900 2669 970 2733 Alii,
985 2689 1003 2720 a
1015 2674 1081 2730 suis;
1100 2669 1168 2733 alii,

658 2751 716 2800 suis.
729 2778 765 2788 —-
777 2751 856 2814 Quin,
870 2766 924 2818 quo
934 2747 1029 2800 minus.
1041 2779 1075 2787 —
1089 2755 1120 2800 Ut
1128 2769 1168 2800 ae-

657 2829 724 2895 eepi,
733 2825 869 2897 quomodo
883 2844 942 2880 eam
956 2826 1056 2898 accepi.
1208 2827 1211 2834 '

695 2910 756 2960 152.
768 2912 807 2958 Ae
820 2911 880 2976 pud.
895 2907 984 2960 Guell.
1000 2925 1024 2974 1,
1037 2907 1063 2972 3,
1072 2923 1097 2960 et
1105 2913 1167 2976 pud.

657 2989 782 3050 -Pium,
789 2990 915 3055 pudicum.
931 2987 1026 3040 Donat.
1034 2986 1080 3040 hie
1088 2989 1170 3060 expli·

658 3077 721 3118 eat:
737 3069 821 3136 pium,
832 3085 896 3138 erga
905 3067 1084 3130 meretricem
1098 3071 1169 3135 pudi-

658 3164 721 3207 cum,
742 3164 806 3216 erga
823 3145 963 3218 virginem.
984 3144 1035 3198 Sed
1050 3145 1170 3200 dissentit

658 3225 693 3277 ab
711 3243 742 3280 eo
755 3223 906 3278 Boeclerus:
923 3248 934 3270 ι
947 3223 989 3275 Ad
1000 3223 1128 3295 uirginem
1143 3240 1171 3278 et

658 3305 715 3375 ejus
733 3302 841 3356 domum
860 3301 915 3372 (ait
942 3301 1022 3370 ille),
1052 3315 1170 3374 spectare

657 3395 803 3454 utrumque¹
813 3381 984 3444 vocabulum,
996 3381 1122 3436 orationis
1132 3403 1171 3436 se-

656 3461 722 3522 ries,
746 3473 772 3512 et
800 3472 884 3533 poetae
922 3459 1088 3514 consuetudo
1116 3481 1171 3516 non

657 3541 736 3611 longe
750 3540 905 3596 arcessentis
920 3537 1021 3612 judicia
1041 3539 1074 3594 de
1093 3544 1171 3595 mori·

657 3617 721 3680 bus,
728 3617 880 3672 ostendunt.
888 3621 984 3680 Pietati,
995 3619 1138 3674 honestatis
1146 3633 1172 3674 et

656 3697 724 3767 juris
746 3699 839 3770 religio
858 3711 981 3772 potenter
1001 3698 1080 3751 inest.
1101 3705 1171 3754 Pium

657 3775 793 3846 ingenium
802 3778 874 3832 idem
885 3778 929 3832 hic
943 3789 992 3840 est,
1000 3776 1073 3848 quod
1082 3779 1171 3834 indu·

659 3855 717 3910 dria
723 3859 831 3912 Terent.
840 3857 948 3910 dixerat
955 3856 1116 3912 bonumvid.
1124 3859 1172 3922 ihi,

660 3953 698 3990 vs.
707 3939 767 4003 488,
773 3958 811 4009 sq.
819 3934 946 4003 «Quando
953 3934 1060 4006 quidem
1068 3936 1125 4008 ipse
1134 3951 1174 3992 est

663 4021 764 4088 ingenio
775 4022 845 4081 bono,
854 4033 990 4085 quumque
1003 4014 1065 4068 huic
1076 4017 1173 4070 veritus

968 4095 1031 4178 103
