2864 4776
245 353 313 426 332
470 359 655 430 PUBLII
680 363 934 434 TERENTII
959 363 1083 432 aaut

512 545 728 636 SCENA
760 547 1033 640 OCTAVA.

416 723 639 796 omrrno.
664 728 890 797 mosano.
915 729 1139 798 onustus.

243 893 309 960 Ds.
331 891 393 960 Dis
411 915 549 988 magnas
569 894 690 964 merito
705 895 829 990 gratias
843 894 952 966 babeo
970 910 1070 990 atque
1085 918 1168 992 ago,

244 995 389 1086 Quando
408 1022 550 1068 evenere
570 999 643 1072 haee
663 1001 774 1086 nobis,
796 1001 910 1086 frater,
928 1027 1098 1096 prospere.

241 1105 414 1192 Quantum
430 1120 563 1200 potest,
583 1131 674 1178 nuno
694 1107 942 1180 conveniendus
958 1108 1117 1178 Phormio
1137 1122 1202 1193 est,
1274 1122 1315 1172 ⁸⁹⁵

241 1205 437 1306 Priusquam
453 1211 612 1308 dilapidet
630 1229 761 1284 nostras
781 1215 917 1310 triginta
937 1203 1062 1303 mirias,

243 1319 294 1386 Ut
306 1317 505 1388 auferamus.
528 1321 615 1390 Pno.
631 1321 899 1416 Demiphonem,
917 1321 944 1390 si
964 1319 1056 1391 domi
1076 1333 1142 1408 est,

241 1423 359 1492 Visam
370 1477 380 1511 ,
393 1438 449 1510 ut,
467 1424 592 1520 quod...
602 1427 669 1496 De.
684 1429 729 1496 At
743 1452 804 1498 nos
821 1427 863 1496 ad
882 1441 916 1496 te
934 1427 1074 1514 ibamus,
1087 1427 1256 1502 Phormio.

242 1531 331 1601 Pno.
353 1533 407 1600 De
431 1530 547 1600 eadem
563 1531 628 1603 hac
644 1531 784 1604 fortasse
801 1526 925 1604 causa?
939 1536 1004 1604 Dr.
1019 1537 1072 1604 Ita
1083 1532 1207 1604 hercle.
1223 1535 1311 1603 Pno.

403 1635 548 1724 Credidi.

240 1741 333 1830 Quid
354 1742 397 1811 ad
417 1769 470 1814 me
486 1744 611 1814 ibatis?
628 1741 827 1816 ridiculum!
846 1769 889 1816 an
904 1746 1080 1834 veremini,
1269 1774 1313 1814 ⁹⁰⁰

240 1850 292 1916 Ne
308 1873 377 1918 non
396 1849 430 1919 id
451 1849 614 1937 facerem,
636 1853 727 1947 quod
748 1854 945 1948 recepissem
969 1851 1092 1923 semel?

240 1955 348 2042 Heus,
362 1971 486 2058 quauta
507 1972 632 2052 quanta
649 1959 721 2030 haeo
744 1982 817 2030 mea
836 1973 1014 2056 paupertas
1040 1973 1107 2043 est,
1128 1973 1244 2028 tamen

1191 2087 1206 2112 s

262 2129 316 2182 ‘So
330 2147 391 2182 vm.
406 2129 470 2182 Hae
485 2147 564 2184 scena
574 2133 752 2186 concertatio.
796 2125 930 2196 integrum
946 2123 992 2177 det
1001 2123 1171 2177 Phormionis
1181 2140 1313 2194 persone.

239 2205 393 2260 nonhabet
411 2227 505 2261 senum
524 2228 555 2262 ac
574 2211 751 2266 Phormionis.
795 2203 851 2258 Nos
874 2203 1040 2276 proferimus
1057 2204 1158 2275 vulgat.
1169 2203 1311 2256 lectionem

238 2286 282 2340 Ilii
301 2286 520 2358 enimnrgentum
538 2301 685 2360 repetunt3
706 2291 752 2344 hio
795 2281 830 2336 de
842 2282 1211 2355 dictinctiweperwnmm·
1226 2314 1263 2323 -
1274 2289 1312 2334 De

236 2375 337 2437 pugnat
348 2385 381 2420 ex
393 2377 490 2438 pacto,
501 2365 540 2420 uti
553 2379 600 2420 tut
613 2381 751 2440 argentum
795 2366 852 2416 aad.
868 2365 987 2433 herfort.
1004 2384 1071 2416 caus.
1086 2362 1200 2416 Simulat
1214 2371 1243 2415 se
1258 2381 1312 2415 ore·

228 2445 367 2525 perdant‚
378 2459 424 2499 aut
437 2465 549 2500 uxorem
562 2445 635 2500 dent.
646 2452 725 2516 Eugr·
794 2439 876 2504 dere,
888 2439 969 2496 '⁸811‘ss
987 2457 1050 2496 cum
1068 2444 1127 2515 59⁸⁰
1142 2457 1267 2505 actm,
1282 2455 1312 2495 ut

274 2527 335 2592 894.
351 2530 472 2594 Quando,
485 2521 621 2598 quonia'm.
642 2557 676 2568 -
690 2531 751 2580 Eve-
794 2538 859 2574 mox
870 2521 1138 2576 Phaniumabducat.
1158 2526 1312 2590 Rip-lta

238 2623 313 2668 nere,
326 2603 367 2656 vel
378 2619 515 2658 westonam.
794 2601 881 2654 terete.
904 2602 1035 2673 Demipho
1045 2621 1078 2656 ex
1088 2621 1135 2655 sua
1147 2601 1312 2672 ipsius,non

273 2683 333 2751 895.
349 2691 474 2752 Quantum
480 2701 575 2754 potest,
585 2703 667 2759 quam
678 2684 750 2740 citis·
793 2697 824 2732 ex
839 2680 1019 2747 Phormionis,
1031 2681 1160 2736 sententia
1173 2681 1312 2735 consentit.

237 2763 322 2828 sime,
333 2781 415 2834 qnam
428 2765 553 2834 primum.
794 2787 828 2800 -
841 2762 950 2812 Credidi.
962 2759 1147 2826 Assentientis,
1160 2758 1207 2812 sed
1220 2760 1312 2814 animo

273 2843 334 2908 896.
348 2845 480 2908 Dilapr'det.
493 2843 562 2896 cod.
578 2843 670 2898 Remb.
684 2848 749 2896 dita-
797 2856 901 2893 averso.
1305 2840 1307 2844 ’

233 2925 488 2991 pidet-Dilapidet,
499 2921 643 2994 disperdat.
653 2924 751 2976 Trans·
830 2937 890 2984 900.
904 2926 941 2970 An
960 2919 1086 2970 veremini.
1098 2917 1157 2970 Lib.
1169 2917 1256 2990 antiq.
1268 2938 1312 2970 oe·

235 3000 319 3052 latum
330 2999 392 3052 inde
405 3002 586 3066 estverbnm,
601 3001 674 3071 quod
685 3006 750 3068 lapi·
794 3001 926 3064 rebamini,
949 2997 1046 3055 omisso
1072 3019 1115 3050 au.
1138 2998 1212 3071 Gay.
1238 2999 1312 3052 huno

236 3082 280 3130 des
294 3079 351 3132 sine
368 3097 443 3139 cura,
458 3091 556 3132 temere
566 3079 697 3154 jacimus,
710 3094 750 3134 at·
794 3097 899 3131 versum
912 3077 990 3149 ponit
1006 3078 1075 3131 inter
1089 3076 1264 3131 adulterinos.
1276 3108 1313 3119 —

136 3163 138 3168 ’
236 3177 289 3230 qne
302 3158 338 3210 ita
351 3155 695 3229 disperdimus-Nostros
706 3163 750 3210 tri·
793 3156 1096 3228 Ridicrrlumffinpp-roa
1109 3157 1200 3210 venire
1213 3155 1311 3210 adme.

175 3279 177 3284 ,
234 3241 305 3308 ginta
329 3241 429 3299 minasr
453 3257 519 3309 quos
544 3238 643 3292 scilicet
670 3239 750 3292 umbo
831 3257 892 3304 9⁰1·
919 3241 1090 3306 Recepissem,
1117 3237 1312 3308 promisissem.

237 3336 312 3372 senes
325 3337 376 3388 pro
388 3335 436 3370 sua
448 3318 561 3390 quisque
571 3328 645 3390 perte
657 3329 751 3370 contu·
794 3316 887 3388 Vulgo
904 3315 1021 3381 dicitur,
1042 3321 1079 3368 ad
1090 3336 1145 3379 me,
1160 3315 1219 3379 vel,
1234 3319 1262 3367 in
1275 3336 1314 3368 me

238 3399 331 3450 lerant.
344 3397 423 3468 Supr.
436 3415 476 3450 vs.
488 3399 556 3467 678,
571 3415 612 3468 sq.
795 3398 894 3464 recipio.
904 3395 962 3448 Hoc
971 3407 1061 3448 autem
1070 3395 1224 3465 promisisse
1233 3394 1314 3448 Phor·

272 3475 333 3542 898.
349 3481 397 3538 Ue,
411 3479 503 3543 quod...
518 3475 575 3528 Nisi
587 3475 751 3546 interpellas·
795 3476 913 3528 inionem
930 3484 1044 3544 uterque
1057 3492 1135 3526 senex
1152 3492 1203 3544 per
1216 3474 1313 3526 Getam

237 3567 276 3610 set
293 3573 442 3616 sermonem
461 3554 611 3626 Demipho,
630 3553 752 3608 dicturus
795 3554 972 3619 audivere,r.
983 3552 1046 3623 657,
1055 3554 1233 3624 sq.uNullam
1243 3554 1313 3607 mihi
1417 3563 1418 3582 ¹

238 3647 295 3688 erat
307 3633 452 3686 Phormio:
473 3657 485 3680 ι
496 3648 539 3699 ut,
558 3631 705 3687 seeundum
719 3634 752 3686 il·
797 3634 981 3703 malit-quam
994 3631 1095 3704 istanc,
1106 3643 1156 3685 etc.
1166 3659 1178 3678 n
1267 3673 1273 3678 .

237 3714 303 3779 lud,
324 3717 394 3782 quod
412 3711 447 3766 de
468 3731 551 3766 uxore
569 3713 695 3768 ducende
714 3715 753 3768 di·
833 3733 893 3781 poa.
908 3719 1009 3781 Quanta
1022 3726 1126 3780 quanta.
1137 3711 1181 3764 Sic
1193 3713 1313 3784 gemina·
1416 3721 1417 3730 ¹

238 3807 311 3846 ctum
323 3804 349 3846 et
365 3791 538 3846 constitutum
552 3791 680 3846 internos
696 3807 753 3858 est,
797 3812 857 3846 mus
878 3812 911 3846 ex
929 3792 997 3845 libb.
1018 3792 1142 3864 antiquis.
1163 3793 1205 3844 At.
1222 3793 1309 3845 exbib.
1416 3831 1417 3872 p

238 3891 296 3925 eam
323 3889 396 3924 nunc
425 3870 533 3925 ducam.
547 3895 558 3917 ι
587 3871 639 3924 Vel
663 3871 750 3926 simile
794 3887 906 3942 quanta,
926 3871 1046 3925 detracto
1060 3872 1160 3936 altero;
1175 3872 1207 3924 C.
1227 3873 1260 3926 G.
1275 3891 1310 3924 m.
1416 3873 1417 3893 ¹

238 3949 312 4024 qnid.
328 3955 404 4005 West.
418 3982 454 3991 -
465 3957 517 4013 At,
534 3950 696 4021 occupantis.
794 3957 868 4005 heus!
878 3959 954 4006 heus!
963 3961 1311 4023 quantacumque-Quanta

275 4031 337 4099 899.
357 4030 437 4084 Hunc
460 4048 566 4084 versum
597 4029 749 4099 Bentleius,
795 4033 967 4102 quanthro
977 4047 1205 4106 quantacumque.
