2864 4776
300 305 901 425 PHORM10.ACT.IV,SC.
931 343 1005 408 111.
1069 413 1074 422 ,
1117 339 1192 412 303

86 505 91 511 “
120 479 203 546 Haec
222 475 365 568 denique
384 475 455 568 ejus
477 473 542 542 fuit
558 487 727 566 postrema
746 474 863 542 oratio.

126 613 144 647 «ε
161 585 250 677 Ego,
271 583 395 675 inquit,
412 583 482 674 jam
503 603 524 648 a
541 580 703 674 principio
719 580 817 649 amici
836 577 955 666 filiam,

121 693 177 757 Ita
196 703 234 756 ut
251 713 382 782 aequum
407 687 536 772 fuerat,
557 684 648 754 volui
668 709 807 755 uxorem
825 685 958 757 ducere.
1155 709 1195 746 ⁶⁵0

122 796 211 864 Nam
230 795 312 863 mihi
329 794 484 862 veniebat
504 794 701 862 iumentum
722 793 793 886 ejus
813 793 1082 877 incommodum,

122 905 165 968 In
183 903 375 970 servitutem
390 923 572 995 pauperem
590 899 634 967 ad
648 899 749 968 ditem
766 898 847 967 dari.

124 1007 189 1076 Sed
211 1006 258 1076 ml
279 1031 364 1101 opus
386 1021 473 1094 erat,
493 1020 532 1074 ut
553 1020 668 1100 aperte
687 1029 778 1075 nunc
800 1005 860 1074 tibi
881 1006 1022 1096 fabuler,

124 1113 376 1208 Aliquantulum
398 1137 472 1208 quaa
489 1111 653 1199 adferret,
683 1112 741 1206 qul
761 1111 977 1183 dissolverem

125 1224 212 1310 Quae
231 1219 356 1307 debe03
375 1235 408 1289 et
428 1222 526 1288 etiam
547 1243 650 1304 nunc,
674 1221 701 1286 si
721 1217 792 1287 volt
809 1219 978 1314 Demipho
1160 1243 1197 1281 ⁶⁵⁵

124 1330 217 1396 Dare
236 1341 398 1421 quantum
421 1326 464 1394 ab
485 1326 550 1394 har
573 1326 714 1419 accipio,
728 1349 804 1418 quaa
822 1349 944 1420 sponsa
956 1325 999 1396 ’st
1017 1325 1119 1415 mihi,

126 1431 264 1502 Nullam
285 1433 368 1502 mihi
384 1431 519 1510 malim,
543 1455 643 1525 quarn
659 1432 766 1500 istanc
783 1457 922 1503 uxorem
943 1427 1024 1501 dari.
1046 1462 1063 1496 n

126 1543 166 1607 A.
188 1541 312 1608 Utrum
332 1537 470 1607 stultitia
490 1537 600 1608 facere
618 1563 682 1632 ego
704 1538 795 1606 hune
817 1563 861 1606 an
880 1537 1006 1608 malitia

126 1647 270 1732 Dicam,
291 1646 447 1715 scientem
467 1667 510 1712 an
531 1643 795 1738 imprudentem,
817 1646 964 1714 incertus
983 1669 1066 1714 sum.

127 1751 300 1840 DraQuid,
309 1752 336 1822 si
345 1752 487 1820 animam
497 1748 667 1840 debeth.
683 1752 1007 1846 «Ageroppositu'st
1017 1751 1148 1846 pignori
1162 1781 1200 1820 na
1232 1737 1234 1743 ’

128 1857 187 1926 Ob
198 1858 313 1926 decem
328 1859 470 1944 minas,»
481 1857 598 1951 inquit.
614 1859 679 1925 Da.
695 1859 781 1950 Age,
797 1881 878 1952 age,
887 1857 956 1952 jam
972 1858 1091 1940 ducat;
1105 1857 1202 1928 dabo.

129 1967 173 2034 G.
195 1993 212 2029 u
226 1963 384 2033 AEdiculae
400 1965 479 2046 item
500 1977 578 2032 sunt
596 1961 640 2050 ob
662 1961 777 2034 decern
795 1962 883 2032 alias.
903 1993 921 2029 a
941 1967 1006 2034 Da.
1027 1965 1093 2050 Oi,
1112 1962 1161 2033 ei!

128 2069 278 2140 Nimium
295 2068 344 2140 ’st
363 2073 429 2140 CH.
445 2071 498 2140 Ne
512 2068 644 2138 clama:
666 2070 771 2163 petito
793 2070 893 2140 hasce
913 2095 934 2138 a
951 2097 1004 2139 me.
1023 2071 1148 2140 decem.

167 2269 230 2332 648.
239 2269 308 2337 Ejus,
322 2268 378 2321 scil.
388 2265 564 2320 Phormionis.
604 2287 608 2294 ·
727 2268 787 2322 658.
800 2271 925 2333 Stultitia,
938 2269 1087 2334 temeritas,
1097 2287 1156 2342 quae
1169 2289 1207 2324 ca-

167 2352 229 2418 649.
237 2351 319 2400 Amici
319 2347 495 2420 filiamllanc
502 2344 645 2398 Phanium.
691 2359 732 2401 ret
744 2348 868 2414 consilio;
881 2350 924 2404 cui
938 2369 1001 2422 opp.
1013 2353 1117 2412 malitia,
1129 2349 1207 2403 malis

167 2429 228 2483 651.
247 2429 439 2478 Incommodum.
459 2425 536 2478 Bent.
555 2427 647 2476 tncom-
692 2427 796 2480 artibus
815 2429 903 2500 plena.
924 2462 959 2470 -
981 2436 1069 2493 Hunc,
1092 2429 1206 2499 Getam,

131 2510 303 2576 modu—Ejus
322 2509 509 2557 incommodum.
526 2504 645 2575 Nempe,
692 2525 771 2576 quem
785 2507 865 2560 simul
875 2506 982 2560 indicat.

131 2585 206 2660 quod
220 2587 249 2639 in
263 2585 418 2639 servitutem
432 2583 519 2636 danda
531 2583 610 2644 soret,
624 2582 647 2634 si
728 2585 788 2652 659.
795 2591 905 2638 Incertus
911 2607 972 2638 sum.
980 2585 1139 2640 Clanculum
1148 2587 1207 2642 hac

132 2668 247 2718 nuberet
259 2663 345 2719 diviti.
364 2661 499 2716 Invidiose
517 2661 583 2715 dixit
599 2680 648 2712 ser·
692 2661 757 2716 dicit
767 2661 895 2734 Antipho.

132 2749 248 2807 vitutem,
264 2763 349 2816 quum
369 2742 404 2796 de
420 2741 545 2813 conjugio
562 2759 649 2794 serum
728 2745 822 2795 ttoni
829 2746 907 2795 anim.
918 2747 971 2795 deb.
981 2743 1107 2800 Proverb.
1117 2747 1213 2802 Graeca

133 2831 185 2889 sit;
200 2826 278 2897 quasi
292 2823 416 2878 innueret
429 2839 436 2874 :
456 2839 530 2885 eam,
543 2837 602 2893 quae
615 2819 649 2872 sit
692 2825 736 2881 τὴν
749 2825 825 2894 ψυχὴν
837 2826 938 2895 ὀφείλει,
952 2823 1048 2877 dicitur
1058 2825 1092 2880 de
1105 2847 1148 2892 eo,
1159 2828 1206 2900 qui

133 2907 229 2976 inops,
251 2905 280 2956 in
300 2903 455 2958 servitutem
472 2899 559 2955 divitis
576 2899 647 2964 viri,
692 2901 836 2956 immodico
850 2919 901 2956 ure
915 2903 1001 2956 alieno
1015 2915 1153 2970 teneatur,
1175 2919 1206 2960 ut

134 2985 227 3056 potius
244 2999 327 3056 quam
348 2981 376 3034 in
394 2978 593 3034 matrimonium
607 2997 650 3032 ve·
692 2982 841 3052 plusquam
852 3000 944 3036 omues
955 2983 1091 3039 facultates
1102 2983 1208 3050 debeat,

135 3065 206 3116 nire.
693 3079 725 3114 ae
750 3059 866 3132 denique
888 3079 916 3114 se
937 3062 1025 3134 ipsum
1051 3083 1098 3118 seu
1122 3065 1205 3118 vitam

172 3143 234 3198 653.
246 3145 362 3206 Fabuler,
379 3141 483 3214 loquar,
496 3157 553 3192 rem
566 3149 650 3192 totam
694 3159 770 3193 suam
778 3140 882 3195 debeat.
894 3147 993 3195 Erasm.
1003 3176 1037 3184 -
1046 3150 1117 3213 Ager
1128 3165 1209 3214 oppos.

135 3223 277 3294 explicem.
695 3241 717 3272 e.
734 3223 805 3288 pigro.
827 3219 860 3273 Id
875 3232 927 3282 est,
951 3239 1044 3292 agrum
1065 3222 1128 3275 dedi
1147 3225 1207 3278 loco

174 3307 236 3365 654.
252 3308 296 3370 Op.
311 3292 438 3367 erat‘aliq.
449 3317 505 3366 quoe
515 3299 570 3366 aelf.
580 3297 649 3369 Sup·
694 3297 830 3372 pignoris,
843 3298 860 3351 i.
873 3318 895 3352 e.
910 3298 1064 3352 vadimonii.

136 3384 196 3454 ple,
213 3392 240 3435 et
253 3381 363 3453 intellig.
375 3399 444 3453 opus
455 3389 511 3432 erat
522 3397 604 3430 uxore
620 3395 649 3428 ea
730 3381 834 3430 661.οὂ
842 3381 924 3430 decem
934 3382 1020 3432 minas.
1027 3379 1120 3434 Noluit
1127 3381 1208 3434 semel

136 3480 202 3534 quaa
225 3460 345 3527 adferet,
365 3473 414 3514 eto.
434 3489 469 3502 -
487 3457 548 3524 Qus,
569 3456 650 3510 unde.
695 3475 827 3510 summam
835 3475 995 3529 proponere,
1005 3478 1040 3510 ne
1049 3459 1206 3530 magnitudo

136 3571 175 3580 -
194 3544 367 3603 Dissolverem,
388 3539 564 3594 oreditoribus
585 3537 652 3590 meis
696 3547 814 3589 terreret.
827 3543 928 3588 -Jam
942 3541 1030 3604 άιιοαε,
1044 3539 1125 3592 scilic.
1140 3541 1208 3594 Plia-

136 3622 276 3672 solverem.
333 3629 338 3648 '
695 3615 782 3668 nium.

176 3701 239 3752 655.
264 3705 294 3752 Ee
313 3703 395 3752 etiam.
408 3701 439 3753 C.
453 3699 486 3753 G.
508 3710 588 3752 met
607 3696 652 3750 alii
732 3698 792 3748 662.
811 3698 854 3753 Ei,
870 3699 901 3747 ei.
923 3693 1011 3750 CJG.
1027 3715 1062 3748 m.
1083 3709 1113 3748 ut
1133 3697 1208 3750 Bent.

136 3780 267 3832 omittunt
278 3795 311 3832 et.
697 3773 774 3828 c'odd.
793 3775 842 3824 luri.
859 3775 918 3827 Lib.
932 3775 1014 3847 antiq.
1027 3778 1080 3837 toi,
1103 3778 1154 3827 hui.
1173 3808 1209 3817 -
1247 3803 1250 3810 =

175 3859 240 3912 6⁵6.
254 3865 330 3920 Dare,
342 3858 428 3930 suppl.
442 3860 584 3910 mitt-At
597 3859 653 3921 hac,
698 3857 827 3906 AEdiculce.
836 3853 1028 3912 Diminutivum
1039 3873 1149 3920 nomeu,
1160 3855 1210 3908 sic·

137 3942 174 3992 nb
185 3937 269 3991 altera
281 3937 401 3992 muliere.
699 3947 729 3988 ut
745 3938 939 4001 aliquantulum,
955 3952 991 3988 vs·
1007 3933 1076 3998 654,
1097 3946 1126 3988 ut
1147 3946 1209 3987 atte-

177 4018 240 4088 657.
253 4017 501 4079 ruamfflhanium.
701 4025 765 4066 nnet
778 4031 833 4066 rem
847 4029 928 4064 suam.
