2864 4776
233 311 309 412 304
449 287 647 390 'runnu
673 317 932 388 rnuuuru
960 317 1084 386 luat

233 461 276 530 G.
304 453 443 526 «Uxori
464 451 605 524 emenda
624 449 779 522 ancillula
793 452 850 538 'st;
871 463 941 520 tum
964 459 1077 520 autem
1098 449 1250 545 plusctda

233 559 443 659 Supellectile
462 583 547 654 opus
563 572 630 648 est;
652 581 737 654 opus
753 570 803 628 est
820 570 957 652 sumptu
979 557 1022 626 ad
1038 559 1180 652 nuptias.
1257 576 1293 620 cu

234 671 295 740 His
317 668 416 738 rebus
436 689 524 762 pone
542 689 641 746 eane,
660 663 784 758 inquit,
803 661 928 732 decem.
949 692 967 728 a

233 779 301 847 De.
322 777 501 844 Sexcentas
521 769 662 866 proinde
678 770 812 840 scribito
826 769 897 863 jam
915 768 998 838 mihi
1016 767 1116 838 dicas.

234 881 291 952 Nil
310 881 355 950 do
376 905 383 947 :
410 879 595 974 impuratus
618 901 671 946 me
687 874 741 946 ille
762 890 800 945 ut
820 876 920 944 etiam
939 873 1093 944 irrideat?

234 991 300 1059 Cn.
319 988 460 1076 Quaeso,
481 1007 544 1079 ego
562 982 667 1070 dabo,
689 984 846 1077 quiesce·
837 995 902 1052 tu
921 980 1035 1052 modo
1039 979 1126 1050 filius

233 1097 300 1164 Fac
318 1107 357 1162 ut
373 1091 464 1160 illam
480 1089 600 1176 ducat,
618 1113 681 1158 nos
695 1112 796 1184 quam
811 1085 979 1158 volumus.
993 1088 1031 1156 A.
1045 1088 1111 1210 Hei
1128 1085 1303 1165 mihilep

235 1202 339 1287 Geta,
357 1196 506 1268 occidisti
523 1219 577 1266 me
597 1197 663 1266 tuis
680 1193 826 1264 fallaciis.

233 1309 300 1376 Cu.
320 1307 399 1376 Mea
413 1327 512 1374 causa
528 1301 674 1396 ejicitur,
689 1325 744 1370 me
760 1301 827 1370 hoc
842 1313 892 1370 est
907 1323 1039 1393 oequum
1054 1300 1219 1371 amittere.

133 1471 135 1478 .
235 1415 280 1484 G.
301 1412 505 1501 «Quantum
522 1421 637 1504 potes,
653 1431 707 1476 me
725 1407 916 1492 certiorem,
933 1405 1059 1499 inquit,
1079 1404 1172 1493 face,

234 1519 270 1588 Si
288 1517 378 1588 illam
393 1516 494 1604 dant,
510 1515 599 1586 huuc
613 1527 653 1584 ut
668 1515 816 1599 mittam3
838 1536 882 1582 ne
903 1511 1049 1582 incertus
1064 1512 1158 1581 siem.

223 1766 232 1780 ¹
269 1760 330 1823 664.
351 1758 496 1820 Ancillula,
514 1757 637 1824 pluscula.
658 1752 748 1826 Pergit
791 1751 888 1806 subulca
901 1751 1019 1824 aptando
1031 1753 1097 1818 iata,
1114 1755 1191 1826 quari
1209 1757 1245 1810 ita
1260 1777 1305 1812 ue·

232 1835 399 1892 diminutivis
408 1833 559 1888 nominibus
571 1833 622 1900 uti,
635 1851 690 1906 quo
700 1831 748 1886 mi·
790 1849 862 1886 cesae
879 1831 965 1898 foret,
981 1844 1028 1886 aut
1041 1845 1113 1886 certe
1132 1849 1306 1908 peropportu.

232 1933 327 1970 norem
340 1913 421 1967 faciut
430 1913 634 1984 impatientiam.
790 1931 865 1965 uum.
876 1912 1008 1989 Demipho
1020 1925 1045 1966 et
1057 1913 1237 1969 Chremeehic
1246 1935 1306 1970 con·

269 1998 332 2048 666.
353 1999 420 2046 Pone
445 2010 515 2045 sanc.
536 1991 605 2057 Alii,
623 2011 685 2042 sane
700 2009 748 2059 po·
791 1993 932 2058 feruntur,
950 2003 981 2044 ut
1007 1992 1036 2045 in
1060 1993 1163 2046 Andria
1185 1995 1260 2048 Simo
1281 2009 1305 2050 et

233 2094 272 2127 nc.
295 2103 331 2116 -
351 2079 450 2124 Decem.
462 2071 544 2141 Vulg.
569 2032 633 2124 add.
659 2073 748 2122 miuus.
792 2072 927 2126 Chremen.
940 2076 1040 2124 Boeclcr.
1055 2077 1220 2142 -Quiescc,
1233 2088 1305 2130 uan-

233 2153 315 2206 Abeet
328 2151 462 2204 aduobuc
472 2149 547 2202 Beut.
560 2147 691 2202 codd.·-
704 2151 749 2200 His
792 2150 912 2222 quillo
892 2169 928 2202 em
941 2149 1039 2204 auimo.

233 2235 314 2285 rebus.
326 2230 369 2283 Ad
382 2248 413 2282 ea
423 2228 511 2280 omniu
523 2227 710 2298 comparanda.
713 2257 749 2268 -
827 2233 887 2299 670.
900 2229 979 2282 Hunc
997 2249 1104 2283 versum
1119 2243 1231 2286 testatur
1243 2215 1303 2286 Lin-

234 2318 314 2372 Pone,
324 2307 437 2362 destina.
452 2311 569 2357 -Sanc
583 2308 656 2358 Bene
669 2325 748 2365 sanc:
792 2308 887 2362 denbr.
895 2321 986 2363 avett.
1001 2309 1083 2364 codd.
1094 2313 1197 2366 abesse.
1199 2319 1304 2366 -Illam

234 2409 311 2462 quusr
302 2388 380 2460 plus
391 2383 517 2458 quiddam
528 2385 629 2456 exigat,
640 2384 687 2438 sed
696 2383 749 2437 hoo
792 2407 818 2454 q.
832 2394 955 2444 uolumus.
971 2391 1100 2464 Intelligit
1112 2392 1197 2448 filiam
1215 2413 1303 2461 suam,

233 2481 372 2524 contentus
386 2468 426 2521 sit.
436 2472 528 2517 Donat.
791 2468 859 2520 clam
870 2469 897 2522 iu
906 2473 1007 2524 Lemno
1018 2484 1187 2542 susceptam
1209 2486 1237 2528 et
1249 2492 1305 2526 eam

270 2551 331 2620 667.
345 2549 451 2599 Proinde
463 2549 571 2598 scribito.
580 2546 645 2599 Mes.
655 2544 748 2600 West.
792 2566 847 2602 cese
853 2549 986 2602 Phanium
994 2550 1114 2604 noudum
1121 2565 1235 2625 uterque
1243 2553 1305 2608 scie·

235 2642 262 2684 et
276 2627 319 2682 εδ.
334 2629 421 2696 1469,
432 2629 538 2678 Proinde
548 2630 627 2696 potius
639 2628 747 2678 scribito
790 2629 867 2681 bant.

232 2713 410 2760 -Scscecntas
421 2709 542 2774 proinde,
553 2718 603 2760 eto.
613 2706 748 2778 Magnitn·
827 2709 890 2778 671.
898 2713 968 2769 Geta,
980 2729 1032 2763 occ.
1039 2722 1088 2764 etc.
1094 2711 1193 2764 Secum
1205 2732 1307 2786 semper

231 2787 295 2841 dine
324 2803 434 2838 summe
468 2785 595 2840 excitatus
628 2785 747 2837 clamat:
791 2787 909 2860 loquitur
924 2789 1043 2861 Antipho
1060 2790 1290 2863 indignabundus

234 2867 451 2933 «Quaecumque
478 2877 506 2917 et
530 2875 662 2934 quotquot
685 2862 749 2916 velit
827 2869 968 2937 672.t1ea
989 2888 1074 2921 eausa.
1088 2872 1190 2943 Nempe
1204 2886 1236 2924 ut
1248 2892 1306 2926 mea
1415 2913 1416 2922 .

233 2943 377 2998 calumniae
390 2941 456 2992 milri
473 2955 499 2994 et
517 2961 608 2996 caueae
624 2943 749 2995 Phormio
791 2945 846 2998 lilia
864 2960 911 3000 tuo
928 2945 983 2999 filio
999 2949 1149 3021 Antiphoni
1165 2953 1305 3006 nuhat.
1271 2984 1307 2993 -

235 3021 367 3076 indicet.
381 3023 548 3084 -Scribito‚
564 3019 684 3074 intendat
696 3020 748 3074 dle
790 3025 906 3092 Ejieitur‚
918 3026 1005 3098 suppl.
1015 3026 1059 3081 illa
1073 3029 1213 3084 Phanium.
1221 3038 1307 3083 -Me

235 3103 374 3163 -Dicas‚
387 3099 455 3152 lites
791 3107 837 3155 doc
850 3119 887 3155 cst
900 3125 999 3174 cequum
1010 3112 1084 3162 omitt.
1096 3111 1177 3162 Ratto
1186 3130 1236 3164 cur
1248 3131 1307 3184 lpse

270 3181 492 3247 668.1mpuraurs
516 3181 569 3231 ille.
598 3175 748 3232 Sceleratus
790 3182 884 3253 viginti
905 3184 970 3238 dare
989 3185 1085 3242 debeat
1105 3189 1209 3257 minae,
1227 3190 1307 3246 dante

234 3261 294 3314 ille
287 3259 429 3332 loquitur
442 3257 475 3312 de
486 3257 654 3310 Phormione
668 3287 703 3297 —
718 3264 750 3310 Ut
790 3261 1073 3334 Demiphouedecem
1083 3273 1177 3322 Donat.

234 3343 342 3392 irrideat.
357 3338 469 3410 intellig.
486 3337 578 3390 fierine
595 3346 697 3408 potest,
719 3349 748 3390 ut
827 3343 888 3410 673.
907 3350 999 3411 Quane.
1008 3363 1085 3412 potes.
1099 3348 1143 3400 Sic
1158 3349 1206 3400 lib.
1219 3351 1305 3420 antiq.

235 3416 356 3470 irrideat.
790 3419 818 3471 in
830 3419 922 3474 Bemb.
934 3439 1055 3491 q.potcct.
1068 3430 1202 3495 -Inquit
1214 3427 1332 3480 Simu·

270 3499 331 3566 669.
354 3501 455 3562 Quem,
475 3515 521 3564 ego
541 3499 622 3556 dabo,
644 3499 747 3564 quiesce.
791 3501 828 3553 lat
848 3500 916 3556 Geta
933 3521 1042 3575 pergere
1062 3505 1198 3578 loquendo
1217 3507 1307 3560 Phor·

234 3577 343 3647 Semper
369 3588 449 3646 poeta
478 3593 584 3628 morum
612 3576 745 3648 ὓπερῧολήν
790 3581 915 3634 ιιιίοιιειιι.

235 3653 747 3726 comparationemoderatiorisinstituti,
827 3662 890 3730 674.
914 3665 1021 3715 Mittam.
1044 3663 1111 3731 Atti,
1129 3668 1247 3716 omittam.
1270 3695 1308 3706 -

234 3747 376 3806 temperat:
389 3731 670 3806 iracundoplacidum,
680 3737 749 3790 timi
791 3745 882 3806 Illam,
902 3742 982 3796 scilic.
999 3742 1142 3796 Phanium.
1159 3775 1196 3784 -
1216 3750 1308 3808 Hauc

234 3811 270 3862 do
285 3825 446 3866 constantem
460 3831 639 3905 comppneus;
651 3814 747 3887 idque,
790 3839 887 3893 nempe
897 3841 975 3893 quam
985 3823 1112 3876 Phormio
1122 3823 1173 3876 srbr
1183 3841 1309 3894 sponsam

232 3907 286 3940 non
307 3902 410 3944 tontum
432 3891 562 3946 varietatis
585 3911 678 3959 cauea,
700 3895 746 3948 sed
791 3919 847 3953 esse
869 3920 903 3955 ex
927 3916 1078 3958 commento
1096 3904 1169 3959 Getae
1187 3904 1305 3959 dixisaet.

212 3965 310 4049 ¹etiam
332 3968 368 4021 ad
391 3983 578 4041 argumentum
601 3984 627 4026 et
646 3972 746 4029 exitum
791 3979 832 4034 cf.
815 3981 885 4036 f.vs
900 3982 960 4035 656.
