2864 4776
252 373 327 448 300
488 379 669 448 PUBLII
697 379 954 452 TERENTII
981 381 1100 450 AFRI

249 510 291 578 G.
320 507 409 578 Nam
436 505 548 578 hercle
575 533 638 606 ego
658 535 791 606 quoque
819 511 853 582 id
874 511 1009 607 quidem
1027 510 1162 605 'agitans
1184 533 1316 580 mecum

409 612 540 703 sedulo,

251 719 386 805 lnveni,
409 721 539 815 opinor,
556 721 739 792 remedium
753 723 832 794 huic
845 726 903 796 rei.
918 727 982 796 Cu.
999 721 1111 814 Quid,
1131 720 1241 794 Geta?
1279 740 1317 780 ⁶¹⁵

250 828 316 894 Dn.
331 825 431 915 Quod
445 827 651 897 remedium?
664 831 706 898 G.
727 831 776 899 Ut
786 830 852 899 abii
865 831 923 900 abs
935 845 985 918 te,
1000 831 1039 900 fit
1054 829 1141 898 sorte
1157 828 1292 898 obviam

252 931 337 1000 Mihi
346 932 513 1002 Phormio.
522 935 586 1004 Cn.
598 935 936 1024 QuiPhormiotGJs
947 939 1004 1032 qui
1013 939 1146 1008 istam...
1157 933 1318 1005 Cnscio.

251 1039 294 1108 G.
311 1039 430 1106 Visum
444 1054 496 1108 est
514 1039 610 1128 mihi,
632 1055 670 1110 ut
690 1042 760 1135 ejus
779 1057 941 1112 tentarem
961 1043 1052 1138 prius
1074 1041 1284 1111 sententiam.

237 1143 384 1212 .Prendo
403 1144 572 1216 homiuem
587 1145 719 1216 solum:
743 1178 760 1213 α
772 1174 833 1219 cut
850 1175 935 1238 non,
953 1152 1108 1244 inquam,
1129 1146 1303 1232 Phormio,

253 1249 376 1336 Vides,
396 1251 559 1322 intervos
578 1255 624 1322 sic
645 1253 717 1322 haec
739 1257 850 1349 potius
870 1281 947 1326 cum
968 1256 1055 1326 bona
1282 1270 1321 1314 ⁶²⁰

250 1357 300 1424 Ut
319 1371 562 1452 componantur
584 1360 704 1453 gratia,
722 1385 823 1456 quam
844 1385 922 1432 cum
943 1359 1056 1432 mala?

253 1463 363 1534 Herus
384 1462 526 1533 liberalis
548 1479 615 1552 est,
636 1479 670 1534 et
691 1466 836 1561 fugitans
855 1467 973 1540 litium.

250 1567 338 1638 Nam
360 1572 470 1640 caeteri
489 1570 621 1664 quidem
644 1571 757 1642 hercle
777 1575 874 1644 amici
893 1598 1009 1670 omnes
1029 1572 1131 1645 tundo

248 1745 307 1798 lloo
318 1747 431 1800 verbum
442 1745 477 1800 de
486 1745 557 1800 bello
567 1759 702 1818 sumptum
717 1759 763 1800 eut
809 1749 877 1802 rimo
889 1749 949 1804 eod.
959 1749 1038 1802 Abest
1047 1752 1118 1816 prius
1131 1747 1166 1800 ab
1178 1747 1212 1799 nl.
1223 1747 1286 1799 ldss.
1297 1759 1321 1799 et

248 1837 354 1876 venatu.
374 1855 410 1866 —-
429 1829 463 1878 Id
481 1829 595 1894 agebam.
616 1827 720 1880 Debeo
734 1844 764 1879 re
809 1827 870 1883 edd.
884 1859 916 1870 -
931 1832 1013 1884 Visum
1026 1829 1141 1880 ostmili.
1160 1827 1274 1879 Placuit.
1287 1855 1322 1866 --

249 1903 375 1974 agebam,
386 1903 620 1974 loqueban-Cum
631 1908 687 1970 loo,
701 1923 764 1960 eum
810 1905 939 1952 Tentorem
953 1902 1108 1952 sententiam.
1120 1898 1239 1952 Mentem
1252 1915 1321 1950 seru·

250 1981 330 2035 frutre
343 2000 403 2034 meo
416 1981 591 2054 Demiphone.
606 2015 641 2024 -
655 1987 763 2035 Commo·
807 1990 888 2032 turer.

250 2064 317 2112 dum
332 2059 509 2128 Adverbium,
521 2080 572 2133 pro
585 2066 658 2116 modo
671 2083 745 2114 nunc.
842 2063 903 2125 619.
916 2060 1015 2122 solon,
1028 2073 1147 2108 seorsum
1161 2055 1195 2106 ab
1210 2052 1276 2104 aliis.
1289 2084 1321 2093 -

285 2143 347 2204 614.
369 2144 445 2193 Nom.
468 2141 582 2194 Intersit
603 2140 764 2214 incipiendo
808 2142 930 2196 Curnon,
945 2138 1063 2202 inquam,
1078 2133 1321 2194 Pkonnio‚etc.1ta

250 2217 372 2274 orationi.
388 2248 425 2260 -
442 2225 498 2287 Ego
512 2239 612 2288 quoque
624 2223 653 2272 id
667 2239 695 2288 q.
711 2231 761 2274 eto.
806 2235 863 2270 rent
879 2215 986 2287 exponit
998 2214 1064 2268 Geta
1086 2233 1176 2267 eoram
1191 2211 1320 2275 dominis,
1404 2257 1405 2276 2

250 2295 577 2350 Commendotoonsilium
592 2318 623 2352 ex
640 2317 715 2352 oure.
728 2328 764 2339 -
807 2308 836 2348 ut
854 2313 960 2348 omnem
979 2294 1060 2348 fidem
1081 2295 1157 2348 vultu
1176 2312 1227 2366 sno
1246 2292 1322 2346 faciet

252 2379 377 2444 Agitatis,
395 2375 534 2429 meditans.
807 2375 846 2428 illi
858 2387 976 2428 narratu.
991 2379 1055 2428 Peri.

287 2457 350 2509 615.
362 2459 461 2523 opinor.
476 2455 518 2509 At.
528 2471 555 2507 nt
570 2457 764 2525 opinon-Huio
842 2457 906 2510 620.
920 2462 989 2508 Inter
1001 2476 1055 2508 sios.
1065 2456 1098 2506 In
1107 2455 1185 2508 mult.
1194 2454 1261 2510 libb.
1271 2471 1322 2505 me·

250 2538 294 2588 rei.
307 2535 346 2586 De
354 2533 452 2606 nuptiis
461 2535 622 2606 Antiphonis
631 2547 658 2588 et
669 2534 764 2588 Phanii
808 2548 930 2591 morante
946 2536 1020 2590 Bent.
1033 2553 1078 2586 nos
1087 2572 1096 2598 ,
1118 2552 1173 2588 non
1191 2554 1249 2588 vos.
1271 2531 1321 2585 Sed

249 2613 465 2686 loquitur,queo
480 2613 675 2668 dissoluturum
689 2633 717 2668 so
734 2613 765 2666 si·
807 2615 905 2682 rectius
927 2615 990 2680 atii,
1012 2634 1066 2668 vos.
1091 2643 1126 2654 -
1147 2617 1189 2664 Sic
1214 2613 1321 2666 abesto

252 2694 336 2746 mulat
350 2692 426 2746 Geta.
443 2727 477 2736 -
498 2697 663 2761 Qoidae’Geto.
678 2692 766 2749 Admi·
808 2694 906 2766 compl.
920 2694 1020 2748 Mss-
1030 2697 1118 2754 Vides,
1134 2703 1331 2774 cutas‚optas.,
1403 2675 1404 2728 l

253 2773 337 2826 rantis
355 2791 417 2824 oum
434 2772 542 2843 gaudio.
809 2780 924 2824 -Inter
940 2793 985 2842 vos¹
1003 2776 1052 2832 sio,
1075 2783 1127 2825 ete.
1149 2771 1282 2824 Construe
1299 2781 1323 2822 et

285 2854 346 2903 616.
368 2855 443 2918 Quod
453 2855 606 2904 remedium?
625 2851 687 2904 Haeo
700 2869 763 2904 oum
808 2852 918 2906 ordina:
931 2850 1044 2904 «uthaec
1054 2850 1323 2922 componanturinter

249 2930 325 2984 mult.
337 2930 371 2982 al.
381 2931 523 2982 tribuimus
532 2931 764 3001 Demiphoni‚non
808 2951 856 2988 vos
876 2931 936 2984 sic:
963 2930 1050 3002 potius
1064 2949 1126 2984 enm
1140 2930 1210 2982 bonu
1226 2929 1322 3000 gretia,

251 3009 535 3064 Chremeti-Utabii
547 3013 635 3061 abste.
651 3011 763 3080 Supte.
808 3029 890 3083 quam
906 3029 967 3062 cum
985 3010 1134 3064 melanto
1155 3013 1192 3060 sio
1211 3008 1323 3081 explieat
1402 3069 1403 3086 χ

250 3089 312 3152 463.
326 3118 360 3129 -
377 3090 416 3140 tic
429 3089 501 3156 forte
521 3091 625 3142 obviam.
638 3088 766 3158 Mentitur
809 3089 882 3161 quod
895 3089 1026 3160 sequitur.
1040 3095 1157 3140 -Bona
1169 3088 1324 3156 gramhe-

251 3186 361 3234 servus,
382 3167 487 3220 obviam
514 3168 565 3222 sibi
589 3167 688 3220 factum
708 3187 765 3220 esse
809 3168 968 3221 nevolentia.

253 3248 461 3314 Phormionem
477 3266 538 3300 nam
552 3258 661 3300 venerat
672 3245 706 3299 ad
717 3247 765 3300 ho·
845 3249 907 3300 621,
921 3251 993 3299 Mala
1005 3249 1100 3315 gratia.
1109 3244 1307 3300 Malevolentia.

251 3329 365 3392 minem,
378 3338 408 3379 ut
421 3326 478 3398 ipse
492 3325 573 3392 dixit,
589 3345 645 3397 sup.
656 3345 694 3378 vs.
704 3325 764 3393 591.
844 3329 905 3379 622.
916 3328 1043 3390 Liberalis,
1052 3325 1199 3396 ingenuus,
1210 3324 1323 3378 liberalis

286 3409 348 3476 617.
370 3408 418 3473 Qui
430 3409 565 3458 Phormio?
585 3405 640 3470 Qui
660 3418 700 3458 est
716 3405 765 3456 iste
808 3405 916 3478 ingenii.
938 3437 973 3446 -
993 3408 1113 3474 Fugitans
1138 3407 1174 3455 lit.
1196 3401 1320 3455 Genitivo

249 3485 419 3557 homoquem
433 3496 462 3536 tu
471 3504 548 3538 vocas
558 3483 765 3538 Phormionem?
808 3485 881 3539 casui
899 3485 955 3536 vim
975 3483 1091 3538 nominis
1110 3481 1190 3534 habet
1206 3481 1323 3550 fugitans

251 3593 287 3608 --
306 3571 331 3616 Is
353 3568 396 3632 qui
420 3567 530 3618 istam...
551 3563 612 3616 Sub.
634 3562 763 3628 defendit,
806 3566 949 3637 junctum:
969 3561 1136 3628 accusativo,
1150 3560 1205 3614 vim
1221 3571 1324 3610 tautum

249 3644 379 3715 nobisque
396 3643 530 3706 obtrusit,
549 3641 677 3696 Phanium
696 3642 765 3695 scili·
807 3641 946 3716 participii.
963 3648 1055 3694 Donat.
1076 3670 1112 3704 -ς-
1132 3641 1228 3690 Litium.
1242 3636 1324 3702 Quasi

248 3735 300 3776 oet.
312 3723 421 3775 Dictum
441 3731 529 3774 autem
546 3721 680 3785 vultuose,
696 3731 765 3774 etnt
808 3722 881 3794 quod
900 3721 957 3775 vult
979 3721 1007 3774 in
1037 3719 1147 3773 domino
1169 3718 1275 3781 facere,
1297 3714 1324 3768 id

247 3800 463 3854 subblandiretur
471 3798 575 3852 fastidio
584 3794 764 3874 Demiphonis.
805 3805 860 3876 jam
874 3802 901 3854 in
911 3819 943 3852 eo
954 3818 1010 3853 esse
1022 3797 1103 3851 dicit:
1116 3815 1271 3868 prosperans
1280 3793 1324 3848 ho-

248 3879 331 3950 Cujus
341 3880 380 3933 rei
391 3892 452 3951 apta
463 3891 502 3934 est
513 3879 620 3952 ellipsis.
634 3883 710 3934 West.
808 3881 907 3934 minem
930 3877 964 3932 ad
984 3889 1167 3948 contemptum
1189 3875 1324 3948 pecunie,

253 3971 259 3982 '
285 3959 345 4010 618.
362 3958 760 4028 Tentarem.Ed.1469,perten·
808 3979 867 4034 quse
877 3969 1002 4031 poscetur
1013 3955 1110 4009 statim.
1121 3961 1187 4005 oon.

240 4051 335 4091 tarem.
348 4067 383 4080 -·-
395 4043 471 4093 Plias.
485 4040 528 4096 sic
541 4041 618 4096 Bent.
628 4059 663 4095 ex
675 4051 761 4096 veter·
842 4039 906 4094 623.
920 4039 1011 4098 Modo,
1025 4033 1182 4108 pauloente.
1394 4055 1400 4402 p
