2834 4788
344 339 564 410 ADELPH‘.
593 346 699 414 A'CT.
728 349 807 433 III,
836 342 904 417 s'C.
934 351 1000 418 IV.
1148 353 1197 442 73.

128 471 220 542 Illaee
236 471 336 540 fidem
356 497 445 540 nuno
461 487 607 542 vostram
628 475 798 571 implorat,
820 481 966 560 Demea:
1155 507 1193 555 oo

130 577 233 667 Quod
250 603 310 646 vos
328 578 377 647 vis
397 579 500 672 cogit,
521 579 555 646 id
570 579 923 678 voluntateimpetret.

130 689 212 754 Haec
229 686 373 778 primum
387 697 425 752 ut
438 684 534 772 fiant,
547 688 638 756 Deos
652 715 780 782 quaeso,
797 705 834 758 ut
848 691 942 760 vobis
957 691 1061 761 decet.

131 792 192 858 Sin
205 788 300 859 aliter
317 794 445 859 animus
459 806 567 860 vester
582 807 648 880 est,
665 819 747 889 ego,
766 799 906 878 Demea,
994 807 995 810 ’

131 899 270 964 Summa
285 897 319 963 vi
340 895 618 967 defendamhanc
634 914 733 994 atque
749 900 840 970 illum
856 917 1035 972 mortuum.

132 1005 304 1094 Cognatus
322 1003 369 1070 mi
391 1017 480 1090 erat3
504 1003 571 1072 una
584 1029 604 1072 a
618 1009 729 1099 pueris
744 1007 889 1101 parvulis
1158 1031 1195 1082 tot

130 1109 253 1176 Sumus
272 1107 424 1194 educati3
448 1132 515 1176 una
537 1135 666 1205 semper
687 1115 810 1182 militiae
831 1128 864 1182 et
882 1113 972 1183 domi
1083 1111 1087 1116 ’

131 1215 286 1300 Fuimus3
305 1229 534 1308 paupertatem
557 1241 623 1285 una
641 1217 836 1311 pertubmus
855 1245 1000 1313 gravem.

132 1320 349 1413 Quapropter
368 1321 469 1408 nitar,
485 1321 621 1409 faciam,
635 1327 801 1418 experiar,
823 1325 965 1420 denique

131 1426 288 1492 Animam
306 1424 488 1519 relinquam
510 1429 635 1520 potius,
651 1455 750 1524 quam
767 1430 837 1500 illas
853 1432 1013 1500 deseram.

132 1529 226 1618 Quid
248 1531 328 1599 mihi
343 1532 547 1624 respondes?
558 1537 621 1604 Dr.
635 1539 783 1605 Fratrem
798 1540 1012 1624 conveniam,
1027 1540 1143 1631 Hegio.
1162 1560 1199 1598 ⁵00

131 1639 167 1704 Is
188 1637 276 1729 quod
296 1637 377 1704 mihi
392 1637 433 1706 de
447 1639 510 1707 hac
525 1665 561 1708 re
583 1641 709 1711 dederit
724 1642 914 1727 consilium,
937 1643 971 1710 id
988 1666 1116 1736 sequar.

134 1745 229 1811 Hno.
246 1742 326 1824 Sed,
338 1745 485 1830 Demea,
502 1745 567 1816 hoe
583 1761 620 1815 tu
634 1748 733 1817 facito
746 1773 823 1816 cum
842 1751 953 1817 animo
969 1751 1108 1842 cogites:

70 1879 76 1898 ·
133 1849 245 1937 Quam
260 1874 320 1916 vos
336 1848 488 1918 facillime
506 1853 616 1946 agitis,
640 1878 738 1948 quam
757 1857 834 1934 esti-s
851 1843 1002 1922 maiume

171 2104 231 2164 490.
245 2099 329 2149 Fidem
347 2115 468 2151 vorm.
482 2099 516 2152 Id
530 2112 584 2163 est,
604 2102 645 2154 tui
689 2108 825 2158 editam-
839 2107 935 2156 Militioe
952 2119 975 2156 et
990 2108 1066 2157 domi.
1086 2105 1199 2174 lupace
1248 2155 1251 2167 ,

133 2177 255 2248 ipsiuset
268 2187 321 2230 tuae
335 2177 451 2230 familie.
535 2217 558 2235 .,
690 2195 715 2234 et
729 2181 756 2234 in
769 2183 848 2235 bello.

171 2263 231 2325 49¹·
248 2259 299 2308 Vis.
317 2257 382 2310 We.
395 2257 444 2328 leg.
456 2261 507 2326 jus.
525 2259 566 2311 Ex
583 2260 646 2312 scri·
726 2255 785 2320 498.
796 2257 876 2306 Nitor.
888 2255 930 2306 Al.
941 2258 1199 2322 cairan-Experiar.

130 2347 212 2406 ptura
221 2335 302 2403 enim,
310 2335 406 2406 inquit,
417 2336 459 2389 vix
467 2338 646 2390 internoscere
689 2331 774 2384 Litem
802 2331 960 2395 intendam
983 2333 1088 2404 judicio
1111 2351 1198 2404 agam.

131 2432 233 2486 queas,
245 2417 282 2464 ias
297 2413 428 2485 scripserit
441 2415 537 2482 Poeta,
550 2437 584 2468 an
597 2421 643 2470 uis.
690 2410 774 2480 Supra
787 2410 849 2462 351·

131 2524 169 2536 -.
183 2497 255 2558 Quod
265 2512 313 2544 vos
325 2496 364 2544 vis
375 2497 448 2562 cogit,
459 2495 538 2561 Quod
550 2497 646 2567 vispo.
726 2495 786 2558 499.
806 2493 877 2540 Illas.
895 2489 966 2542 Alias
984 2491 1066 2541 illam:
1079 2520 1113 2530 —
1130 2493 1199 2542 Illas.

132 2585 185 2626 test
193 2591 286 2640 cogere
294 2591 342 2625 voa
351 2584 381 2624 ut
391 2573 502 2626 faciatis:
513 2606 547 2614 —
555 2580 647 2628 Volua·
690 2567 832 2620 Sostratam
848 2567 1073 2638 Pamphilumque.

133 2665 196 2704 tate.
208 2652 294 2704 Vobis
306 2652 464 2706 votenahus.
727 2647 787 2699 501.
804 2647 856 2698 Alii
875 2657 969 2717 putant
985 2647 1057 2698 huno
1076 2665 1202 2711 versum,

172 2738 232 2797 49²·
247 2733 330 2782 Vobis.
344 2731 393 2783 Ma.
405 2729 536 2783 Lindeub.
548 2751 602 2784 vos.
614 2760 643 2774 -
660 2747 662 2752 ⁴
690 2726 736 2797 qui
750 2743 781 2776 ex
793 2725 841 2775 Ph.
855 2742 893 2776 vs.
908 2727 977 2786 461,
992 2723 1141 2786 inculcatus
1155 2725 1202 2790 sit,

133 2811 220 2861 Fiam
225 2823 252 2860 ue
270 2813 340 2862 vobo
360 2813 438 2861 decet.
459 2810 482 2860 I.
505 2828 527 2862 e.
543 2812 647 2864 nemine
692 2800 971 2854 eliminandum-Is
987 2807 1055 2869 quod
1067 2805 1139 2868 milri,
1152 2815 1200 2856 etc.

133 2901 311 2960 cogenre-
274 2892 403 2940 -Vobis
422 2892 498 2940 decet
514 2889 582 2942 Cum
600 2889 647 2942 da.
691 2882 740 2936 Hic
762 2898 851 2933 versus
865 2879 976 2934 totidem
998 2883 1135 2934 elementis
1153 2883 1202 2936 ha·

132 2970 190 3022 tivo
215 2969 294 3021 etiam
319 2967 450 3040 jungitur
468 2973 545 3021 decer.
572 2969 648 3023 Infra
692 2959 794 3014 betur
787 2979 816 3010 111
834 2959 1009 3024 Phormione,
1024 2979 1062 3012 vs
1078 2964 1150 3024 4613
1165 2974 1202 3014 at·

133 3049 203 3120 93²3
215 3046 273 3100 Cic.
288 3046 322 3100 de
334 3047 381 3098 Or
393 3045 453 3099 Itid.
466 3047 497 3099 A.
508 3048 576 3104 Gell
590 3050 648 3116 lx,
692 3040 1114 3113 queMuretusspuriumpumvit‚
1119 3061 1203 3112 quum

134 3145 185 3182 xv:
200 3128 268 3176 oetati
279 3129 331 3194 ejus
343 3128 450 3178 decebat.
462 3127 531 3179 Perl.
643 3119 726 3173 de
740 3119 861 3172 AEsohini
870 3119 951 3182 rebus
964 3119 1030 3169 nihil
1046 3119 1143 3172 faceret
1153 3122 1204 3172 De·

171 3204 232 3272 493.
251 3211 326 3272 Ego,
341 3211 442 3257 Demea.
469 3207 594 3277 Apposite
615 3206 648 3260 ad
693 3218 750 3252 mea
762 3217 796 3251 ex
807 3196 917 3250 oonsilio
930 3196 1062 3248 Micionis.
1073 3204 1151 3250 Zeun.

135 3283 191 3338 vim
205 3296 232 3336 et
245 3284 331 3336 minas
346 3283 398 3334 hoc
412 3282 515 3335 dicitur.
578 3341 581 3346 Ι
730 3279 790 3330 502.
805 3278 987 3345 Tufaciwcum
1000 3278 1147 3344 πίπους.
1161 3278 1202 3328 At

171 3368 234 3429 494
249 3366 357 3430 Defend.
371 3367 445 3414 hanc.
463 3363 503 3414 Al.
518 3367 583 3414 hanc
603 3364 647 3414 de·
692 3372 769 3408 tecum
781 3377 824 3408 aa.
835 3357 946 3424 cogit.—
913 3359 1005 3404 Hoc
1007 3355 1091 3422 facito
1102 3371 1203 3423 cogeres

125 3442 206 3508 fond.
220 3442 296 3494 Beut.
308 3444 440 3507 defendam
455 3445 510 3494 tas.
522 3447 649 3508 —Atque
692 3436 753 3488 Tibi
768 3435 867 3506 placeat
881 3431 947 3486 illud
959 3443 1133 3504 reputare
1098 3439 1203 3486 —Cum
1268 3491 1272 3510 Ι

132 3524 340 3572 iuummortuum.
346 3519 649 3590 Simulumpatremejus
695 3517 789 3566 animo.
803 3512 884 3584 Apud
896 3523 931 3564 te

133 3599 304 3652 defunctum.
730 3593 789 3645 503.
811 3599 939 3644 Maxume.
960 3591 1000 3643 Al.
1023 3595 1153 3644 maxumis.
1170 3625 1205 3633 -

173 3680 234 3748 495.
248 3681 368 3731 Parentis.
382 3680 414 3730 In
427 3679 473 3731 lib.
489 3677 571 3748 antiq.
586 3695 648 3744 par·
697 3677 776 3738 Qrcam
794 3691 859 3734 vos,
880 3683 928 3724 eto.
947 3669 1069 3723 Secunda
1089 3689 1149 3741 pare
1168 3685 1206 3726 est

133 3762 198 3822 voti.
212 3791 247 3798 -
262 3763 387 3826 Cognaars
404 3761 438 3808 mi
455 3771 517 3812 emt.
535 3757 575 3808 Ita
591 3755 651 3825 qui·
696 3751 852 3813 sententiar,
878 3752 954 3822 eujus
976 3748 1080 3800 initium
1103 3761 1164 3813 est,
1190 3771 1206 3808 e

113 3833 117 3842 ⁴
132 3837 201 3891 dem
216 3837 370 3902 Terentium
390 3835 437 3888 sed
450 3831 596 3888 Menander
609 3832 654 3884 So·
697 3829 884 3902 grammatice,
897 3829 924 3880 in
939 3843 989 3878 tam
998 3848 1068 3880 max.
1079 3859 1114 3868 -
1124 3834 1205 3882 Facil-

134 3928 228 3972 stratae
241 3919 352 3969 fratrem
364 3916 435 3968 facit.
453 3921 528 3970 West.
697 3913 752 3962 lime
763 3913 846 3977 agitis.
861 3909 925 3962 Sub.
938 3910 1032 3969 vitam,
1043 3907 1060 3958 i.
1072 3926 1093 3959 e.
1109 3907 1137 3959 in
1152 3911 1206 3962 otio

177 3999 239 4061 496.
252 3997 366 4048 Edrcori.
384 3995 461 4046 Botb.
481 3993 539 4064 Bip.
557 3990 651 4061 Delph.
697 4001 720 4041 et
732 3988 866 4059 opulentia
875 3987 955 4038 vitam
965 3986 1039 4056 agitis
1049 3987 1209 4054 laute;aicut
