2864 4776
242 361 247 374 ·
323 357 588 426 ruonuro.
617 321 821 443 nerui,
848 360 916 428 sn.
944 359 1014 431 111.
1125 359 1195 432 301

131 493 212 562 Uno
234 513 292 558 ore
314 503 467 558 auctores
489 488 601 572 fuere,
623 502 661 557 ut
682 490 883 584 praecipitem
905 490 993 558 hano
1018 490 1160 562 daret.»

131 601 172 666 A.
182 596 273 684 Quid
285 595 341 664 hic
348 609 472 689 coeptat
478 585 559 662 lant
573 619 639 687 quo
651 595 770 664 evadet
783 594 903 664 hodie?
915 598 957 666 G.
977 625 995 662 «
1007 599 1059 666 An
1069 598 1205 696 legibus

131 707 301 800 Daturum
319 725 434 796 poenas
456 700 563 789 diem,
585 702 612 769 si
632 699 720 770 illam
744 701 900 794 ejecerit?
1167 718 1206 758 ⁶2⁶

132 813 151 878 J
174 813 206 877 in
227 809 261 876 id
282 807 489 902 exploratum
501 804 543 875 ’st
557 821 564 862 ²
579 803 668 875 heia!
692 807 826 882 sudabis
846 809 941 896 satis,

131 835 172 985 Sl
189 939 267 984 cum
287 913 343 983 illo
365 915 513 1008 inceptas
531 913 665 981 homine
684 939 691 981 :
713 937 752 982 ea
771 911 959 1007 eloquentia
977 929 1037 985 est.

131 1023 262 1090 Verum
280 1045 370 1116 pono
393 1044 463 1088 esse
482 1020 616 1088 victum
630 1043 727 1106 eum3
752 1033 787 1088 at
808 1019 944 1089 tandem
966 1035 1078 1092 tamen
1125 1053 1127 1060 ·

131 1127 213 1196 Non
232 1129 351 1222 capitis
371 1127 472 1195 eires
490 1127 616 1220 egitur,
637 1125 695 1194 sed
717 1127 908 1220 pecuniae.»
1166 1143 1209 1218 ⁶³⁰,

131 1235 314 1327 Postquam
335 1232 505 1302 hominem
527 1233 578 1301 his
601 1233 712 1300 verbis
734 1234 840 1302 sentio
859 1231 1030 1316 mollirier,

109 1329 111 1340 ¹
134 1339 204 1408 Soli
222 1365 335 1408 sumus
353 1361 464 1425 nunc,
485 1339 642 1433 inquam,
660 1339 738 1407 hic:
758 1338 838 1424 eho,
860 1339 940 1432 quid
961 1341 1012 1418 ris
1030 1337 1101 1406 dari

131 1447 208 1517 Tibi
228 1447 263 1514 in
285 1469 419 1514 manum
431 1497 440 1530 ‚
453 1445 554 1514 herus
572 1459 610 1514 ut
630 1445 681 1514 his
701 1445 838 1513 desistat
854 1443 977 1514 litibus.

132 1555 215 1622 Haec
235 1552 315 1621 hinc
335 1551 488 1634 facessat,
506 1565 543 1620 tu
564 1549 722 1620 molestus
743 1575 785 1619 ne
807 1549 892 1620 sies?
904 1580 921 1616 n

132 1661 173 1727 A.
192 1660 294 1728 Satin’
314 1657 361 1726 illi
375 1655 421 1726 Di
435 1671 512 1726 sunt
524 1655 681 1752 propitii?
692 1660 734 1728 G.
752 1659 866 1728 «Nam
880 1671 931 1726 sat
946 1658 1032 1744 seio,
1165 1675 1203 1714 ⁶³⁵

170 1809 231 1870 614.
244 1812 297 1857 [luo
307 1825 357 1858 ore.
367 1803 495 1857 Unanimi
507 1821 648 1858 consensu.
691 1802 793 1856 cadere.
804 1835 840 1845 -
850 1811 932 1867 Eum,
950 1822 986 1856 sc.
997 1801 1205 1873 Demiphonem.

132 1891 297 1940 -·-,Auctores
303 1885 394 1953 fuere,
410 1900 524 1936 suasere.
535 1915 570 1924 -
581 1889 649 1934 Proe·
726 1883 788 1936 630.
799 1887 857 1934 Nou
871 1886 947 1950 capit.
958 1885 991 1934 ei.
1006 1883 1048 1935 Ita
1063 1880 1122 1934 uod.
1136 1881 1206 1954 Guy.

133 1966 230 2032 euticem
243 1967 308 2016 hauc
318 1967 402 2027 daret,
414 1980 430 2014 e
441 1961 522 2014 domo
535 1962 648 2034 ejiceret·
691 1974 745 2016 vet.
760 1981 809 2032 pro
823 1965 889 2030 q'us,
903 1963 976 2032 vulg.
989 1966 1091 2011 -Non
1105 1964 1207 2028 capitis,

170 2044 231 2098 615.
252 2045 316 2108 Hir,
341 2041 397 2095 soil.
418 2041 495 2096 Geta.
517 2039 649 2111 Loquitur
691 2053 743 2094 etc.
757 2039 818 2093 Non
838 2040 926 2112 agitur
943 2041 997 2092 vita
1014 2037 1206 2109 Demiphonis‚

134 2141 226 2176 secum
240 2121 368 2192 Antipho.
380 2151 416 2162 --
431 2115 486 2187 Quo
500 2121 586 2172 evadet
602 2123 663 2170 lion
690 2139 746 2174 non
767 2120 838 2173 venit
856 2119 955 2190 ipsein
977 2117 1142 2189 periculum,
1158 2117 1204 2171 sed

132 2198 266 2266 dierQnis
274 2201 380 2252 futurus
390 2211 428 2252 est
439 2198 509 2250 illius
521 2198 648 2252 sermonis
691 2211 796 2254 tantum
809 2201 867 2271 ejus
880 2197 1003 2270 pecunia.

133 2293 162 2334 et
173 2279 275 2334 consilii
287 2278 393 2333 exitus?
727 2279 787 2332 631.
798 2281 927 2341 Molliunt,
945 2297 994 2348 pro
1009 2279 1112 2338 mallim
1123 2288 1149 2329 et
1162 2275 1204 2330 in·

172 2363 224 2412 616
237 2378 276 2430 sq.
289 2364 329 2410 Au
344 2359 417 2426 legib.
428 2363 549 2408 Daturum
559 2376 649 2425 poenas
691 2357 798 2428 tellige,
809 2360 923 2424 placari,
944 2358 1059 2422 minuturi.

133 2441 202 2492 dices
213 2448 227 2490 ι’
237 2438 359 2490 Mimesin
372 2437 509 2490 continuat
522 2436 608 2500 Geta,
623 2447 650 2488 et
727 2435 789 2488 631.
806 2440 883 2496 Nunc,
900 2438 959 2500 inq„
974 2437 1022 2486 hic.
1036 2434 1077 2486 Al.
1089 2453 1153 2485 num
1166 2437 1206 2487 lu'c

132 2535 208 2572 nuno
226 2515 424 2587 responsionem
445 2515 521 2585 lingit
544 2533 577 2566 ex
594 2516 649 2566 sola
692 2518 802 2581 inquam.
816 2510 850 2554 -’-
874 2516 942 2581 Quid
959 2517 1006 2568 uis.
1027 2512 1056 2566 C.
1071 2511 1104 2564 G.
1116 2531 1155 2566 m.
1166 2517 1207 2566 die

132 2595 314 2668 permissione.
324 2599 413 2646 Perlet.
425 2596 587 2662 -Legibus,
598 2611 649 2664 pro
692 2595 756 2660 quid
764 2597 837 2644 velis.

133 2678 281 2746 exlegibus.
296 2705 332 2714 -
345 2679 405 2725 Dat.
411 2691 511 2740 poeuas.
521 2673 539 2723 J
541 2670 649 2724 udicnm
727 2671 789 2724 633.
804 2676 881 2722 Herus
893 2685 927 2722 ur.
941 2671 971 2722 L.
986 2669 1070 2739 antiq.
1085 2685 1111 2720 ut
1124 2672 1204 2722 bertas.

133 2749 263 2807 sententia
284 2751 492 2805 condemnatum
510 2749 554 2800 iri.
575 2779 609 2788 -
624 2752 651 2798 Si
692 2754 801 2802 -Dari
812 2753 865 2802 Tibi
877 2753 902 2800 iu
917 2769 1026 2801 manum.
1043 2749 1128 2800 Dntur
1142 2750 1165 2802 ei
1178 2751 1208 2802 in

132 2837 203 2886 utam
216 2835 321 2906 ejecerit,
332 2829 355 2884 si
366 2827 500 2882 Phanium
512 2825 593 2878 domo
603 2845 649 2878 sua
662 2829 665 2836 ’
692 2847 818 2895 manum,
840 2828 885 2900 qui
907 2829 1009 2880 lurtum
1030 2828 1128 2899 accipit
1150 2828 1206 2882 sine

133 2912 251 2986 ejecerit.
261 2940 295 2954 -
305 2913 390 2976 Dices,
402 2905 517 2978 putabis.
691 2908 808 2972 arbitro,
822 2919 869 2960 aut
885 2907 1044 2978 interprete:
1060 2918 1089 2958 ut
1105 2925 1206 2977 praeva-

173 2997 235 3062 627.
255 2995 289 3040 Id
306 2991 426 3056 eoepIorat.
440 3001 483 3037 est.
502 2984 534 3036 H.
549 3003 571 3036 e.
587 2984 650 3038 setis
691 2989 854 3049 rioator‚aut
863 2984 945 3058 judex
957 2997 1108 3058 corruptus.
1120 2991 1187 3037 Don.
1237 3050 1239 3053 Ι

134 3082 254 3133 constat,
275 3067 405 3120 Phanium
420 3077 478 3118 tuto
496 3082 573 3136 posse
591 3064 651 3136 ejici
728 3067 789 3130 634.
802 3071 883 3129 Haec,
898 3064 1205 3132 Phanium-Hincfa-

135 3169 168 3204 ex
190 3148 290 3201 aedibus
307 3159 333 3200 et
355 3146 411 3198 sine
431 3143 531 3196 mulcta
552 3143 648 3213 legum.
691 3160 778 3207 nessae.
788 3145 856 3196 Hinc
869 3143 952 3195 abeat.
965 3142 1107 3196 Conf.Liv.
1119 3143 1143 3206 Ι,
1154 3149 1201 3213 47τ

140 3233 214 3280 West.
222 3256 259 3268 -
269 3227 373 3277 Sudabis
385 3226 452 3276 satis.
462 3221 530 3292 Satis
543 3240 650 3276 exerce·
693 3249 704 3272 ι
710 3228 807 3292 facesse
817 3221 879 3274 hinc
887 3219 1053 3290 Tarquinios.
1067 3243 1078 3265 ι

134 3307 223 3369 beris,
238 3304 300 3358 setis
313 3302 411 3374 negotii
424 3301 542 3354 habebis.
658 3301 666 3315 '
728 3302 790 3354 635.
803 3303 881 3352 Sariu'
894 3300 949 3362 illi,
965 3309 1015 3349 etc.
1032 3297 1096 3348 Haeo
1115 3315 1205 3349 seeum

172 3387 233 3438 618.
255 3392 379 3452 Incepms.
402 3388 532 3449 Inceptare
554 3378 651 3431 dicitur
691 3379 823 3450 Antiph03
843 3375 1207 3450 nempe‚ignarusconsilio-

81 3520 83 3526 ,
134 3483 201 3520 oum
221 3483 317 3535 magno
340 3462 400 3514 nisu
421 3459 535 3512 efficere.
559 3492 592 3500 -
611 3464 651 3508 Ea
691 3477 752 3514 rum
774 3459 862 3536 Getae,
885 3467 960 3528 putat
988 3473 1049 3506 eum
1075 3455 1205 3523 insanire,

136 3549 202 3611 eloq.
221 3558 263 3596 est.
288 3542 339 3594 Hic
358 3538 469 3610 intelligi
486 3537 544 3590 vult
562 3537 651 3590 Demi·
692 3538 739 3609 qui
778 3535 812 3588 de
850 3534 1008 3588 dimittenda
1037 3551 1086 3586 sun
1122 3553 1206 3590 uxore

136 3623 237 3693 phonis
256 3622 454 3692 eloquentium,
474 3635 553 3688 quam
574 3617 650 3687 quasi
692 3617 771 3670 verbe
785 3614 873 3668 faciut.
887 3615 947 3666 «An
961 3613 1019 3676 dii,
1033 3613 1207 3684 inquit,irati

136 3721 228 3756 coram
238 3700 353 3772 parasito
362 3693 657 3765 laudaritEloquentia
692 3707 808 3748 mentem
828 3693 867 3762 illi
881 3691 1057 3746 ademerunt?
1072 3716 1084 3736 u
1102 3691 1205 3762 Nempe

135 3793 226 3834 autem
243 3779 380 3834 causidico
402 3775 522 3848 inprimis
541 3773 584 3830 vel
603 3793 650 3844 pa·
692 3775 746 3827 hue
766 3783 883 3845 spectat,
903 3771 976 3845 quod
994 3783 1094 3824 veteres
1113 3770 1205 3824 crede-

136 3873 217 3918 trono
229 3879 297 3932 opus
310 3871 358 3914 est.
370 3860 455 3908 Portet.
691 3854 772 3919 hant,
785 3851 849 3905 deos
868 3850 910 3909 his
929 3849 1083 3902 hominibus
1096 3849 1143 3920 qui
1163 3869 1205 3904 sa·

175 3943 238 4008 619.
253 3947 331 3992 Porro.
347 3937 415 4000 Alii,
429 3954 503 4004 poue.
518 3964 553 3974 -
566 3938 647 3995 Porro,
693 3950 756 3985 nam
762 3944 876 3984 mentem
886 3929 1015 3982 habereut
1025 3928 1138 3984 maxime
1150 3949 1205 3983 esse

137 4019 224 4086 secio,
235 4018 420 4088 linga-Esse
429 4017 531 4080 uictum,
545 4031 560 4063 e
572 4029 649 4063 causa
693 4011 831 4083 propitios.
846 4011 952 4061 Casuub.
963 4021 987 4060 et
1002 4012 1088 4060 Perlec.
1125 4002 1127 4007 ’
