<?xml version="1.0" encoding="UTF-8"?>
<!DOCTYPE html PUBLIC "-//W3C//DTD XHTML 1.0 Transitional//EN"
    "http://www.w3.org/TR/xhtml1/DTD/xhtml1-transitional.dtd">
<html xmlns="http://www.w3.org/1999/xhtml" xml:lang="en" lang="en">
 <head>
  <title>
</title>
<meta http-equiv="Content-Type" content="text/html;charset=utf-8" />
  <meta name='ocr-system' content='tesseract 3.04.00' />
  <meta name='ocr-capabilities' content='ocr_page ocr_carea ocr_par ocr_line ocrx_word'/>
</head>
<body>
  <div class='ocr_page' id='page_1' title='image "./publiiterentiia01lemagoog_0085.png"; bbox 0 0 2812 4788; ppageno 0'>
   <div class='ocr_carea' id='block_1_1' title="bbox 210 339 1050 436">
    <p class='ocr_par' dir='ltr' id='par_1_1' title="bbox 210 339 1050 436">
     <span class='ocr_line' id='line_1_1' title="bbox 210 339 1050 436; baseline -0.001 -27"><span class='ocrx_word' id='word_1_1' title='bbox 210 339 257 436; x_wconf 84' lang='lat'><strong>76</strong></span> <span class='ocrx_word' id='word_1_2' title='bbox 441 341 619 410; x_wconf 76' lang='lat' dir='ltr'><strong>runnu</strong></span> <span class='ocrx_word' id='word_1_3' title='bbox 646 342 901 410; x_wconf 80' lang='lat' dir='ltr'><strong>ruunurn</strong></span> <span class='ocrx_word' id='word_1_4' title='bbox 929 341 1050 410; x_wconf 71' lang='lat' dir='ltr'><strong>Arm</strong></span> 
     </span>
    </p>
   </div>
   <div class='ocr_carea' id='block_1_2' title="bbox 399 619 1085 828">
    <p class='ocr_par' dir='ltr' id='par_1_2' title="bbox 399 619 1085 828">
     <span class='ocr_line' id='line_1_2' title="bbox 399 619 1085 828; baseline 0.001 -31"><span class='ocrx_word' id='word_1_5' title='bbox 399 695 656 800; x_wconf 76' lang='lat' dir='ltr'><strong>aeuus</strong></span> <span class='ocrx_word' id='word_1_6' title='bbox 691 619 1085 828; x_wconf 69' lang='lat' dir='ltr'><strong>Quartana</strong></span> 
     </span>
    </p>
   </div>
   <div class='ocr_carea' id='block_1_3' title="bbox 601 932 882 961">
    <p class='ocr_par' dir='ltr' id='par_1_3' title="bbox 601 932 882 961">
     <span class='ocr_line' id='line_1_3' title="bbox 601 932 882 961; baseline -0.021 1"><span class='ocrx_word' id='word_1_7' title='bbox 601 946 608 952; x_wconf 93' lang='lat'>·</span> <span class='ocrx_word' id='word_1_8' title='bbox 630 932 882 961; x_wconf 40' lang='lat' dir='ltr'><strong>*zoen—m·-</strong></span> 
     </span>
    </p>
   </div>
   <div class='ocr_carea' id='block_1_4' title="bbox 483 1073 990 1341">
    <p class='ocr_par' dir='ltr' id='par_1_4' title="bbox 483 1073 990 1341">
     <span class='ocr_line' id='line_1_4' title="bbox 483 1073 990 1162; baseline -0.008 0"><span class='ocrx_word' id='word_1_9' title='bbox 483 1073 708 1162; x_wconf 88' lang='lat' dir='ltr'><strong>SCENA</strong></span> <span class='ocrx_word' id='word_1_10' title='bbox 749 1073 990 1160; x_wconf 85' lang='lat' dir='ltr'><strong>PRIMA.</strong></span> 
     </span>
     <span class='ocr_line' id='line_1_5' title="bbox 533 1271 942 1341; baseline -0.007 0"><span class='ocrx_word' id='word_1_11' title='bbox 533 1271 759 1341; x_wconf 76' lang='lat' dir='ltr'><strong>crasiano.</strong></span> <span class='ocrx_word' id='word_1_12' title='bbox 788 1271 942 1339; x_wconf 73' lang='lat' dir='ltr'><strong>sunus.</strong></span> 
     </span>
    </p>
   </div>
   <div class='ocr_carea' id='block_1_5' title="bbox 205 1432 1283 2298">
    <p class='ocr_par' dir='ltr' id='par_1_5' title="bbox 207 1432 1271 1688">
     <span class='ocr_line' id='line_1_6' title="bbox 207 1432 1271 1582; baseline -0.004 -22"><span class='ocrx_word' id='word_1_13' title='bbox 207 1493 270 1560; x_wconf 88' lang='lat' dir='ltr'><strong>Cr.</strong></span> <span class='ocrx_word' id='word_1_14' title='bbox 286 1432 407 1575; x_wconf 55' lang='grc' dir='ltr'><strong>ΑΝ,</strong></span> <span class='ocrx_word' id='word_1_15' title='bbox 419 1502 546 1582; x_wconf 89' lang='lat' dir='ltr'><strong>patrem</strong></span> <span class='ocrx_word' id='word_1_16' title='bbox 561 1488 639 1556; x_wconf 91' lang='lat' dir='ltr'><strong>hinc</strong></span> <span class='ocrx_word' id='word_1_17' title='bbox 653 1487 759 1555; x_wconf 84' lang='lat' dir='ltr'><strong>abisse</strong></span> <span class='ocrx_word' id='word_1_18' title='bbox 771 1485 848 1555; x_wconf 77' lang='lat' dir='ltr'><strong>rus?</strong></span> <span class='ocrx_word' id='word_1_19' title='bbox 865 1488 945 1556; x_wconf 78' lang='lat' dir='ltr'><strong>Sua.</strong></span> <span class='ocrx_word' id='word_1_20' title='bbox 961 1487 1185 1557; x_wconf 80' lang='lat' dir='ltr'><strong>iamdudum.</strong></span> <span class='ocrx_word' id='word_1_21' title='bbox 1204 1489 1271 1557; x_wconf 89' lang='lat' dir='ltr'><strong>Cr.</strong></span> 
     </span>
     <span class='ocr_line' id='line_1_7' title="bbox 275 1591 952 1688; baseline -0.003 -26"><span class='ocrx_word' id='word_1_22' title='bbox 275 1660 279 1669; x_wconf 29' lang='lat' dir='ltr'><strong><em>s</em></strong></span> <span class='ocrx_word' id='word_1_23' title='bbox 368 1595 432 1663; x_wconf 90' lang='lat' dir='ltr'><strong>Dic</strong></span> <span class='ocrx_word' id='word_1_24' title='bbox 451 1593 556 1664; x_wconf 90' lang='lat' dir='ltr'><strong>sodes.</strong></span> <span class='ocrx_word' id='word_1_25' title='bbox 573 1597 653 1663; x_wconf 73' lang='lat' dir='ltr'><strong>Suu.</strong></span> <span class='ocrx_word' id='word_1_26' title='bbox 669 1591 768 1688; x_wconf 85' lang='lat' dir='ltr'>Apud</span> <span class='ocrx_word' id='word_1_27' title='bbox 782 1591 891 1662; x_wconf 89' lang='lat' dir='ltr'><strong>villam</strong></span> <span class='ocrx_word' id='word_1_28' title='bbox 902 1595 952 1662; x_wconf 74' lang='lat' dir='ltr'><strong>’st</strong></span> 
     </span>
    </p>

    <p class='ocr_par' dir='ltr' id='par_1_6' title="bbox 205 1694 1277 1900">
     <span class='ocr_line' id='line_1_8' title="bbox 205 1694 1275 1795; baseline -0.003 -26"><span class='ocrx_word' id='word_1_29' title='bbox 205 1699 304 1770; x_wconf 87' lang='lat' dir='ltr'><strong>Nunc</strong></span> <span class='ocrx_word' id='word_1_30' title='bbox 318 1694 420 1795; x_wconf 86' lang='lat' dir='ltr'><strong>quum</strong></span> <span class='ocrx_word' id='word_1_31' title='bbox 432 1725 584 1772; x_wconf 87' lang='lat' dir='ltr'><strong>maxume</strong></span> <span class='ocrx_word' id='word_1_32' title='bbox 601 1700 709 1794; x_wconf 88' lang='lat' dir='ltr'><strong>operis</strong></span> <span class='ocrx_word' id='word_1_33' title='bbox 723 1698 845 1792; x_wconf 88' lang='lat' dir='ltr'><strong>aliquid</strong></span> <span class='ocrx_word' id='word_1_34' title='bbox 860 1699 968 1769; x_wconf 88' lang='lat' dir='ltr'><strong>facere</strong></span> <span class='ocrx_word' id='word_1_35' title='bbox 985 1699 1095 1774; x_wconf 89' lang='lat' dir='ltr'><strong>credo.</strong></span> <span class='ocrx_word' id='word_1_36' title='bbox 1113 1702 1176 1770; x_wconf 84' lang='lat' dir='ltr'><strong>Cr.</strong></span> <span class='ocrx_word' id='word_1_37' title='bbox 1196 1699 1275 1769; x_wconf 86' lang='lat' dir='ltr'><strong>Uti·</strong></span> 
     </span>
     <span class='ocr_line' id='line_1_9' title="bbox 362 1807 1277 1900; baseline -0.007 -28"><span class='ocrx_word' id='word_1_38' title='bbox 362 1831 440 1874; x_wconf 86' lang='lat' dir='ltr'><strong>nam</strong></span> <span class='ocrx_word' id='word_1_39' title='bbox 451 1807 584 1900; x_wconf 91' lang='lat' dir='ltr'><strong>quidem</strong></span> <span class='ocrx_word' id='word_1_40' title='bbox 1232 1826 1277 1867; x_wconf 77' lang='lat'><strong>⁵20</strong></span> 
     </span>
    </p>

    <p class='ocr_par' dir='ltr' id='par_1_7' title="bbox 205 1902 1283 2007">
     <span class='ocr_line' id='line_1_10' title="bbox 205 1902 1283 2007; baseline 0 -29"><span class='ocrx_word' id='word_1_41' title='bbox 205 1903 328 1998; x_wconf 87' lang='lat' dir='ltr'><strong>(Quod</strong></span> <span class='ocrx_word' id='word_1_42' title='bbox 344 1937 421 1980; x_wconf 91' lang='lat' dir='ltr'><strong>cum</strong></span> <span class='ocrx_word' id='word_1_43' title='bbox 440 1911 543 1981; x_wconf 89' lang='lat' dir='ltr'><strong>salute</strong></span> <span class='ocrx_word' id='word_1_44' title='bbox 557 1914 626 2007; x_wconf 86' lang='lat' dir='ltr'><strong>ejus</strong></span> <span class='ocrx_word' id='word_1_45' title='bbox 644 1902 723 2004; x_wconf 89' lang='lat' dir='ltr'><strong>fiat)</strong></span> <span class='ocrx_word' id='word_1_46' title='bbox 747 1913 794 1979; x_wconf 86' lang='lat' dir='ltr'><strong>ita</strong></span> <span class='ocrx_word' id='word_1_47' title='bbox 810 1935 843 1980; x_wconf 90' lang='lat' dir='ltr'><strong>se</strong></span> <span class='ocrx_word' id='word_1_48' title='bbox 862 1910 1053 2006; x_wconf 82' lang='lat' dir='ltr'><strong>defatigarit</strong></span> <span class='ocrx_word' id='word_1_49' title='bbox 1069 1909 1184 2004; x_wconf 82' lang='lat' dir='ltr'><strong>velim,</strong></span> <span class='ocrx_word' id='word_1_50' title='bbox 1251 1951 1258 1962; x_wconf 87' lang='lat'><strong>·</strong></span> <span class='ocrx_word' id='word_1_51' title='bbox 1280 1979 1283 1986; x_wconf 84' lang='lat'><strong>.</strong></span> 
     </span>
    </p>

    <p class='ocr_par' dir='ltr' id='par_1_8' title="bbox 207 2015 1272 2113">
     <span class='ocr_line' id='line_1_11' title="bbox 207 2015 1272 2113; baseline 0.002 -28"><span class='ocrx_word' id='word_1_52' title='bbox 207 2018 256 2085; x_wconf 89' lang='lat' dir='ltr'><strong>Ut</strong></span> <span class='ocrx_word' id='word_1_53' title='bbox 271 2017 382 2086; x_wconf 88' lang='lat' dir='ltr'><strong>triduo</strong></span> <span class='ocrx_word' id='word_1_54' title='bbox 395 2017 459 2086; x_wconf 93' lang='lat' dir='ltr'><strong>hoc</strong></span> <span class='ocrx_word' id='word_1_55' title='bbox 473 2033 633 2112; x_wconf 88' lang='lat' dir='ltr'><strong>perpetuo</strong></span> <span class='ocrx_word' id='word_1_56' title='bbox 650 2043 804 2113; x_wconf 89' lang='lat' dir='ltr'><strong>prorsum</strong></span> <span class='ocrx_word' id='word_1_57' title='bbox 819 2041 837 2086; x_wconf 89' lang='lat' dir='ltr'><strong>e</strong></span> <span class='ocrx_word' id='word_1_58' title='bbox 855 2015 946 2110; x_wconf 29' lang='lat' dir='ltr'><strong>lecto.</strong></span> <span class='ocrx_word' id='word_1_59' title='bbox 962 2033 1103 2110; x_wconf 86' lang='lat' dir='ltr'>nequeat</span> <span class='ocrx_word' id='word_1_60' title='bbox 1121 2043 1272 2112; x_wconf 83' lang='lat' dir='ltr'><strong>surgere.</strong></span> 
     </span>
    </p>

    <p class='ocr_par' dir='ltr' id='par_1_9' title="bbox 207 2122 1275 2298">
     <span class='ocr_line' id='line_1_12' title="bbox 207 2122 1275 2218; baseline 0.001 -26"><span class='ocrx_word' id='word_1_61' title='bbox 207 2123 286 2192; x_wconf 72' lang='lat' dir='ltr'><strong>Sta.</strong></span> <span class='ocrx_word' id='word_1_62' title='bbox 303 2125 355 2191; x_wconf 89' lang='lat' dir='ltr'><strong>Ita</strong></span> <span class='ocrx_word' id='word_1_63' title='bbox 365 2122 440 2210; x_wconf 86' lang='lat' dir='ltr'><strong>fiat,</strong></span> <span class='ocrx_word' id='word_1_64' title='bbox 453 2137 486 2192; x_wconf 88' lang='lat' dir='ltr'><strong>et</strong></span> <span class='ocrx_word' id='word_1_65' title='bbox 496 2125 579 2193; x_wconf 90' lang='lat' dir='ltr'><strong>istoc</strong></span> <span class='ocrx_word' id='word_1_66' title='bbox 592 2125 618 2192; x_wconf 94' lang='lat' dir='ltr'><strong>si</strong></span> <span class='ocrx_word' id='word_1_67' title='bbox 632 2125 712 2216; x_wconf 89' lang='lat' dir='ltr'><strong>quid</strong></span> <span class='ocrx_word' id='word_1_68' title='bbox 722 2126 809 2218; x_wconf 87' lang='lat' dir='ltr'><strong>potis</strong></span> <span class='ocrx_word' id='word_1_69' title='bbox 820 2137 871 2192; x_wconf 90' lang='lat' dir='ltr'><strong>est</strong></span> <span class='ocrx_word' id='word_1_70' title='bbox 884 2124 1013 2193; x_wconf 87' lang='lat' dir='ltr'><strong>rectius.</strong></span> <span class='ocrx_word' id='word_1_71' title='bbox 1027 2126 1089 2193; x_wconf 85' lang='lat' dir='ltr'><strong>Cr.</strong></span> <span class='ocrx_word' id='word_1_72' title='bbox 1106 2125 1158 2192; x_wconf 88' lang='lat' dir='ltr'><strong>lta</strong></span> <span class='ocrx_word' id='word_1_73' title='bbox 1172 2149 1180 2191; x_wconf 77' lang='grc' dir='ltr'><strong><em>ε</em></strong></span> <span class='ocrx_word' id='word_1_74' title='bbox 1193 2150 1275 2193; x_wconf 86' lang='lat' dir='ltr'><strong>narn</strong></span> 
     </span>
     <span class='ocr_line' id='line_1_13' title="bbox 364 2228 558 2298; baseline 0.01 -2"><span class='ocrx_word' id='word_1_75' title='bbox 364 2228 454 2298; x_wconf 91' lang='lat' dir='ltr'><strong>hunc</strong></span> <span class='ocrx_word' id='word_1_76' title='bbox 472 2228 558 2298; x_wconf 90' lang='lat' dir='ltr'><strong>diem</strong></span> 
     </span>
    </p>
   </div>
   <div class='ocr_carea' id='block_1_6' title="bbox 205 2393 1336 4046">
    <p class='ocr_par' dir='ltr' id='par_1_10' title="bbox 205 2393 1336 3413">
     <span class='ocr_line' id='line_1_14' title="bbox 242 2393 1276 2464; baseline 0.007 -22"><span class='ocrx_word' id='word_1_77' title='bbox 242 2395 301 2458; x_wconf 80' lang='lat'><strong>519.</strong></span> <span class='ocrx_word' id='word_1_78' title='bbox 320 2397 396 2460; x_wconf 83' lang='lat' dir='ltr'><em>Apud</em></span> <span class='ocrx_word' id='word_1_79' title='bbox 415 2397 501 2445; x_wconf 79' lang='lat' dir='ltr'><strong>villam</strong></span> <span class='ocrx_word' id='word_1_80' title='bbox 516 2395 557 2446; x_wconf 73' lang='lat' dir='ltr'><strong>’st</strong></span> <span class='ocrx_word' id='word_1_81' title='bbox 572 2393 611 2444; x_wconf 82' lang='grc' dir='ltr'><strong>Τὰ</strong></span> <span class='ocrx_word' id='word_1_82' title='bbox 625 2397 713 2445; x_wconf 81' lang='lat' dir='ltr'><strong>villam</strong></span> <span class='ocrx_word' id='word_1_83' title='bbox 757 2403 845 2444; x_wconf 90' lang='lat' dir='ltr'><strong>autem</strong></span> <span class='ocrx_word' id='word_1_84' title='bbox 855 2393 925 2455; x_wconf 86' lang='lat' dir='ltr'><strong>Nos,</strong></span> <span class='ocrx_word' id='word_1_85' title='bbox 939 2393 1120 2464; x_wconf 87' lang='lat' dir='ltr'><strong>pleonasmum</strong></span> <span class='ocrx_word' id='word_1_86' title='bbox 1133 2396 1276 2450; x_wconf 80' lang='lat' dir='ltr'><strong>admittere</strong></span> 
     </span>
     <span class='ocr_line' id='line_1_15' title="bbox 209 2470 1276 2543; baseline 0.007 -23"><span class='ocrx_word' id='word_1_87' title='bbox 209 2470 398 2524; x_wconf 83' lang='lat' dir='ltr'><strong>&#39;stadscribunt</strong></span> <span class='ocrx_word' id='word_1_88' title='bbox 407 2472 497 2543; x_wconf 89' lang='lat' dir='ltr'><strong>plures</strong></span> <span class='ocrx_word' id='word_1_89' title='bbox 505 2472 594 2525; x_wconf 85' lang='lat' dir='ltr'><strong>versui</strong></span> <span class='ocrx_word' id='word_1_90' title='bbox 605 2489 714 2542; x_wconf 84' lang='lat' dir='ltr'><strong>sequen·</strong></span> <span class='ocrx_word' id='word_1_91' title='bbox 758 2489 817 2524; x_wconf 91' lang='lat' dir='ltr'><strong>cum</strong></span> <span class='ocrx_word' id='word_1_92' title='bbox 830 2475 920 2538; x_wconf 79' lang='lat' dir='ltr'><strong>velim,</strong></span> <span class='ocrx_word' id='word_1_93' title='bbox 931 2484 960 2523; x_wconf 92' lang='lat' dir='ltr'><strong>ut</strong></span> <span class='ocrx_word' id='word_1_94' title='bbox 971 2472 1136 2542; x_wconf 76' lang='lat' dir='ltr'><strong>parenthesis</strong></span> <span class='ocrx_word' id='word_1_95' title='bbox 1145 2492 1201 2525; x_wconf 91' lang='lat' dir='ltr'><strong>non</strong></span> <span class='ocrx_word' id='word_1_96' title='bbox 1213 2493 1276 2528; x_wconf 83' lang='lat' dir='ltr'><strong>sen·</strong></span> 
     </span>
     <span class='ocr_line' id='line_1_16' title="bbox 205 2548 1095 2622; baseline 0.001 -21"><span class='ocrx_word' id='word_1_97' title='bbox 205 2548 233 2602; x_wconf 88' lang='lat' dir='ltr'><strong>ti.</strong></span> <span class='ocrx_word' id='word_1_98' title='bbox 246 2579 279 2587; x_wconf 89' lang='lat'>-</span> <span class='ocrx_word' id='word_1_99' title='bbox 290 2550 368 2603; x_wconf 82' lang='lat' dir='ltr'><strong>ACT.</strong></span> <span class='ocrx_word' id='word_1_100' title='bbox 382 2552 433 2615; x_wconf 88' lang='lat' dir='ltr'><strong>IV,</strong></span> <span class='ocrx_word' id='word_1_101' title='bbox 446 2551 488 2604; x_wconf 86' lang='lat' dir='ltr'><strong>Sc.</strong></span> <span class='ocrx_word' id='word_1_102' title='bbox 504 2568 523 2604; x_wconf 88' lang='lat'><strong>1.</strong></span> <span class='ocrx_word' id='word_1_103' title='bbox 539 2550 589 2603; x_wconf 88' lang='lat' dir='ltr'><strong>llic</strong></span> <span class='ocrx_word' id='word_1_104' title='bbox 599 2549 715 2604; x_wconf 89' lang='lat' dir='ltr'><strong>ostendi·</strong></span> <span class='ocrx_word' id='word_1_105' title='bbox 758 2550 868 2602; x_wconf 89' lang='lat' dir='ltr'><strong>tentiam</strong></span> <span class='ocrx_word' id='word_1_106' title='bbox 884 2549 962 2602; x_wconf 85' lang='lat' dir='ltr'><strong>aliam</strong></span> <span class='ocrx_word' id='word_1_107' title='bbox 973 2550 1095 2622; x_wconf 83' lang='lat' dir='ltr'><strong>incipiat.</strong></span> 
     </span>
     <span class='ocr_line' id='line_1_17' title="bbox 206 2626 1270 2698; baseline 0.005 -18"><span class='ocrx_word' id='word_1_108' title='bbox 206 2641 250 2681; x_wconf 90' lang='lat' dir='ltr'><strong>tur</strong></span> <span class='ocrx_word' id='word_1_109' title='bbox 258 2629 384 2683; x_wconf 88' lang='lat' dir='ltr'><strong>timiditas</strong></span> <span class='ocrx_word' id='word_1_110' title='bbox 397 2631 460 2683; x_wconf 87' lang='lat' dir='ltr'><strong>boni</strong></span> <span class='ocrx_word' id='word_1_111' title='bbox 473 2629 676 2693; x_wconf 80' lang='lat' dir='ltr'><strong>adolescentuli,</strong></span> <span class='ocrx_word' id='word_1_112' title='bbox 688 2641 714 2682; x_wconf 93' lang='lat' dir='ltr'><strong>et</strong></span> <span class='ocrx_word' id='word_1_113' title='bbox 795 2626 856 2680; x_wconf 78' lang='lat'><strong>521.</strong></span> <span class='ocrx_word' id='word_1_114' title='bbox 872 2628 1029 2698; x_wconf 61' lang='lat' dir='ltr'><strong>Dq&#39;atigarit.</strong></span> <span class='ocrx_word' id='word_1_115' title='bbox 1045 2630 1074 2681; x_wconf 92' lang='lat' dir='ltr'><strong>Z.</strong></span> <span class='ocrx_word' id='word_1_116' title='bbox 1092 2629 1169 2682; x_wconf 89' lang='lat' dir='ltr'><strong>Bent.</strong></span> <span class='ocrx_word' id='word_1_117' title='bbox 1190 2631 1270 2684; x_wconf 85' lang='lat' dir='ltr'><strong>Both.</strong></span> 
     </span>
     <span class='ocr_line' id='line_1_18' title="bbox 207 2707 1274 2781; baseline 0.004 -21"><span class='ocrx_word' id='word_1_118' title='bbox 207 2708 362 2776; x_wconf 84' lang='lat' dir='ltr'><strong>veriti,scil.</strong></span> <span class='ocrx_word' id='word_1_119' title='bbox 373 2711 408 2762; x_wconf 90' lang='lat' dir='ltr'><strong>ob</strong></span> <span class='ocrx_word' id='word_1_120' title='bbox 418 2722 613 2781; x_wconf 82' lang='lat' dir='ltr'><strong>peccatum,ex</strong></span> <span class='ocrx_word' id='word_1_121' title='bbox 624 2708 715 2761; x_wconf 86' lang='lat' dir='ltr'><strong>delicti</strong></span> <span class='ocrx_word' id='word_1_122' title='bbox 759 2707 912 2776; x_wconf 78' lang='lat' dir='ltr'><strong>defetigarit.</strong></span> <span class='ocrx_word' id='word_1_123' title='bbox 929 2738 965 2747; x_wconf 98' lang='lat'>—</span> <span class='ocrx_word' id='word_1_124' title='bbox 985 2712 1058 2774; x_wconf 82' lang='lat' dir='ltr'><strong>Quod</strong></span> <span class='ocrx_word' id='word_1_125' title='bbox 1075 2727 1129 2758; x_wconf 86' lang='lat' dir='ltr'><strong>cum</strong></span> <span class='ocrx_word' id='word_1_126' title='bbox 1151 2713 1198 2762; x_wconf 85' lang='lat' dir='ltr'><strong>sal.</strong></span> <span class='ocrx_word' id='word_1_127' title='bbox 1219 2723 1274 2764; x_wconf 88' lang='lat' dir='ltr'><strong>etc.</strong></span> 
     </span>
     <span class='ocr_line' id='line_1_19' title="bbox 207 2787 1274 2859; baseline 0.004 -21"><span class='ocrx_word' id='word_1_128' title='bbox 207 2789 365 2839; x_wconf 88' lang='lat' dir='ltr'><strong>conscientia</strong></span> <span class='ocrx_word' id='word_1_129' title='bbox 383 2799 409 2840; x_wconf 87' lang='lat' dir='ltr'><strong>et</strong></span> <span class='ocrx_word' id='word_1_130' title='bbox 421 2789 568 2842; x_wconf 88' lang='lat' dir='ltr'><strong>reverentia</strong></span> <span class='ocrx_word' id='word_1_131' title='bbox 588 2788 714 2859; x_wconf 87' lang='lat' dir='ltr'><strong>parentis.</strong></span> <span class='ocrx_word' id='word_1_132' title='bbox 759 2787 1274 2859; x_wconf 51' lang='lat' dir='ltr'><strong>CorrectiopuderoppcffiutaitFarnab.</strong></span> 
     </span>
     <span class='ocr_line' id='line_1_20' title="bbox 205 2867 1276 2940; baseline 0.006 -23"><span class='ocrx_word' id='word_1_133' title='bbox 205 2868 321 2936; x_wconf 80' lang='lat' dir='ltr'><strong>Apparet</strong></span> <span class='ocrx_word' id='word_1_134' title='bbox 334 2867 397 2918; x_wconf 88' lang='lat' dir='ltr'><strong>item</strong></span> <span class='ocrx_word' id='word_1_135' title='bbox 407 2885 464 2919; x_wconf 88' lang='lat' dir='ltr'><strong>mos</strong></span> <span class='ocrx_word' id='word_1_136' title='bbox 475 2886 600 2920; x_wconf 86' lang='lat' dir='ltr'><strong>verorum</strong></span> <span class='ocrx_word' id='word_1_137' title='bbox 609 2879 715 2937; x_wconf 88' lang='lat' dir='ltr'><strong>patrum</strong></span> <span class='ocrx_word' id='word_1_138' title='bbox 760 2885 841 2936; x_wconf 87' lang='lat' dir='ltr'><strong>quam</strong></span> <span class='ocrx_word' id='word_1_139' title='bbox 861 2867 945 2936; x_wconf 91' lang='lat' dir='ltr'><strong>pietas</strong></span> <span class='ocrx_word' id='word_1_140' title='bbox 963 2867 1106 2940; x_wconf 84' lang='lat' dir='ltr'><strong>expressit,</strong></span> <span class='ocrx_word' id='word_1_141' title='bbox 1123 2885 1158 2919; x_wconf 92' lang='lat' dir='ltr'><strong>ne</strong></span> <span class='ocrx_word' id='word_1_142' title='bbox 1177 2868 1276 2923; x_wconf 78' lang='lat' dir='ltr'><strong>durior</strong></span> 
     </span>
     <span class='ocr_line' id='line_1_21' title="bbox 207 2943 1181 3016; baseline 0.003 -21"><span class='ocrx_word' id='word_1_143' title='bbox 207 2945 277 2996; x_wconf 88' lang='lat' dir='ltr'><strong>circa</strong></span> <span class='ocrx_word' id='word_1_144' title='bbox 292 2943 376 3004; x_wconf 81' lang='lat' dir='ltr'><strong>lilios,</strong></span> <span class='ocrx_word' id='word_1_145' title='bbox 396 2943 463 3015; x_wconf 89' lang='lat' dir='ltr'><strong>Syro</strong></span> <span class='ocrx_word' id='word_1_146' title='bbox 477 2947 604 2997; x_wconf 80' lang='lat' dir='ltr'><strong>Demeam</strong></span> <span class='ocrx_word' id='word_1_147' title='bbox 618 2943 716 2996; x_wconf 89' lang='lat' dir='ltr'><strong>descri-</strong></span> <span class='ocrx_word' id='word_1_148' title='bbox 759 2943 796 3016; x_wconf 66' lang='lat'>5¹¹¹,</span> <span class='ocrx_word' id='word_1_149' title='bbox 817 2944 914 2996; x_wconf 79' lang='lat' dir='ltr'><strong>reontio</strong></span> <span class='ocrx_word' id='word_1_150' title='bbox 926 2943 990 2995; x_wconf 88' lang='lat' dir='ltr'><strong>vitio</strong></span> <span class='ocrx_word' id='word_1_151' title='bbox 1003 2963 1057 2996; x_wconf 90' lang='lat' dir='ltr'><strong>non</strong></span> <span class='ocrx_word' id='word_1_152' title='bbox 1070 2957 1181 2998; x_wconf 81' lang='lat' dir='ltr'><strong>careret.</strong></span> 
     </span>
     <span class='ocr_line' id='line_1_22' title="bbox 206 2962 1276 3096; baseline 0.004 -22"><span class='ocrx_word' id='word_1_153' title='bbox 206 3022 294 3074; x_wconf 86' lang='lat' dir='ltr'><strong>bente.</strong></span> <span class='ocrx_word' id='word_1_154' title='bbox 310 3027 402 3072; x_wconf 84' lang='lat' dir='ltr'><strong>Donat.</strong></span> <span class='ocrx_word' id='word_1_155' title='bbox 418 3023 461 3089; x_wconf 78' lang='lat' dir='ltr'><strong>(ex</strong></span> <span class='ocrx_word' id='word_1_156' title='bbox 476 3026 571 3075; x_wconf 84' lang='lat' dir='ltr'><strong>emend.</strong></span> <span class='ocrx_word' id='word_1_157' title='bbox 588 3025 716 3092; x_wconf 84' lang='lat' dir='ltr'><strong>Zeun.)-</strong></span> <span class='ocrx_word' id='word_1_158' title='bbox 796 2962 857 3075; x_wconf 62' lang='lat' dir='ltr'><strong>iat.</strong></span> <span class='ocrx_word' id='word_1_159' title='bbox 876 3029 988 3074; x_wconf 83' lang='lat' dir='ltr'><strong>Prorrum</strong></span> <span class='ocrx_word' id='word_1_160' title='bbox 1011 3044 1025 3074; x_wconf 81' lang='lat' dir='ltr'><strong>e</strong></span> <span class='ocrx_word' id='word_1_161' title='bbox 1045 3028 1117 3076; x_wconf 80' lang='lat' dir='ltr'><strong>lecto.</strong></span> <span class='ocrx_word' id='word_1_162' title='bbox 1137 3024 1235 3096; x_wconf 89' lang='lat' dir='ltr'><strong>Delph.</strong></span> <span class='ocrx_word' id='word_1_163' title='bbox 1260 3049 1276 3078; x_wconf 82' lang='lat' dir='ltr'><strong>e</strong></span> 
     </span>
     <span class='ocr_line' id='line_1_23' title="bbox 206 3087 1336 3172; baseline 0.002 -19"><span class='ocrx_word' id='word_1_164' title='bbox 206 3101 283 3153; x_wconf 73' lang='lat' dir='ltr'><strong>Ain’s</strong></span> <span class='ocrx_word' id='word_1_165' title='bbox 296 3113 344 3153; x_wconf 88' lang='lat' dir='ltr'><strong>etc.</strong></span> <span class='ocrx_word' id='word_1_166' title='bbox 359 3087 714 3155; x_wconf 76' lang='lat' dir='ltr'><strong>CeitonedicisP-Patrem</strong></span> <span class='ocrx_word' id='word_1_167' title='bbox 759 3105 821 3152; x_wconf 82' lang='lat' dir='ltr'><strong>lecto</strong></span> <span class='ocrx_word' id='word_1_168' title='bbox 828 3105 1082 3168; x_wconf 67' lang='lat' dir='ltr'><strong>pronun-Triduo</strong></span> <span class='ocrx_word' id='word_1_169' title='bbox 1091 3107 1137 3154; x_wconf 81' lang='lat' dir='ltr'><strong>doc</strong></span> <span class='ocrx_word' id='word_1_170' title='bbox 1141 3118 1277 3172; x_wconf 68' lang='lat' dir='ltr'><strong>perpenso,</strong></span> <span class='ocrx_word' id='word_1_171' title='bbox 1334 3162 1336 3168; x_wconf 31' lang='grc' dir='ltr'>Ι</span> 
     </span>
     <span class='ocr_line' id='line_1_24' title="bbox 207 3179 1277 3246; baseline 0.005 -15"><span class='ocrx_word' id='word_1_172' title='bbox 207 3199 313 3245; x_wconf 84' lang='lat' dir='ltr'><strong>meum,</strong></span> <span class='ocrx_word' id='word_1_173' title='bbox 330 3181 462 3233; x_wconf 81' lang='lat' dir='ltr'><strong>Demeam.</strong></span> <span class='ocrx_word' id='word_1_174' title='bbox 472 3213 506 3222; x_wconf 90' lang='lat'>-</span> <span class='ocrx_word' id='word_1_175' title='bbox 515 3186 596 3234; x_wconf 83' lang='lat' dir='ltr'><strong>Sodes.</strong></span> <span class='ocrx_word' id='word_1_176' title='bbox 608 3183 713 3246; x_wconf 85' lang='lat' dir='ltr'><strong>Quaeso.</strong></span> <span class='ocrx_word' id='word_1_177' title='bbox 758 3179 893 3234; x_wconf 90' lang='lat' dir='ltr'><strong>continuo.</strong></span> <span class='ocrx_word' id='word_1_178' title='bbox 908 3182 1046 3246; x_wconf 88' lang='lat' dir='ltr'><strong>Quantum</strong></span> <span class='ocrx_word' id='word_1_179' title='bbox 1056 3182 1171 3239; x_wconf 86' lang='lat' dir='ltr'><strong>sufficiat</strong></span> <span class='ocrx_word' id='word_1_180' title='bbox 1179 3185 1277 3236; x_wconf 87' lang='lat' dir='ltr'><strong>amori.</strong></span> 
     </span>
     <span class='ocr_line' id='line_1_25' title="bbox 207 3259 1277 3332; baseline 0.005 -21"><span class='ocrx_word' id='word_1_181' title='bbox 207 3259 245 3311; x_wconf 90' lang='lat' dir='ltr'><strong>De</strong></span> <span class='ocrx_word' id='word_1_182' title='bbox 256 3259 305 3312; x_wconf 84' lang='lat' dir='ltr'><strong>hac</strong></span> <span class='ocrx_word' id='word_1_183' title='bbox 314 3278 392 3324; x_wconf 79' lang='lat' dir='ltr'><strong>voce,</strong></span> <span class='ocrx_word' id='word_1_184' title='bbox 406 3261 442 3311; x_wconf 83' lang='lat' dir='ltr'><strong>cf.</strong></span> <span class='ocrx_word' id='word_1_185' title='bbox 457 3259 526 3312; x_wconf 86' lang='lat' dir='ltr'><strong>And.</strong></span> <span class='ocrx_word' id='word_1_186' title='bbox 537 3261 586 3323; x_wconf 81' lang='lat'><strong>8⁵,</strong></span> <span class='ocrx_word' id='word_1_187' title='bbox 601 3259 644 3312; x_wconf 87' lang='lat' dir='ltr'><strong>ed.</strong></span> <span class='ocrx_word' id='word_1_188' title='bbox 655 3261 712 3332; x_wconf 87' lang='lat' dir='ltr'><strong>huj.</strong></span> <span class='ocrx_word' id='word_1_189' title='bbox 794 3260 854 3312; x_wconf 80' lang='lat'><strong>523.</strong></span> <span class='ocrx_word' id='word_1_190' title='bbox 869 3265 984 3332; x_wconf 72' lang='lat' dir='ltr'><strong>uastat,</strong></span> <span class='ocrx_word' id='word_1_191' title='bbox 1001 3265 1078 3315; x_wconf 85' lang='lat' dir='ltr'><strong>erist.</strong></span> <span class='ocrx_word' id='word_1_192' title='bbox 1091 3275 1140 3316; x_wconf 89' lang='lat' dir='ltr'><strong>etc.</strong></span> <span class='ocrx_word' id='word_1_193' title='bbox 1157 3263 1277 3316; x_wconf 89' lang='lat' dir='ltr'><strong>Utinam</strong></span> 
     </span>
     <span class='ocr_line' id='line_1_26' title="bbox 205 3339 1277 3413; baseline 0.006 -23"><span class='ocrx_word' id='word_1_194' title='bbox 205 3339 257 3392; x_wconf 86' lang='lat' dir='ltr'><strong>vol.</strong></span> <span class='ocrx_word' id='word_1_195' title='bbox 270 3339 297 3402; x_wconf 91' lang='lat'><strong>1,</strong></span> <span class='ocrx_word' id='word_1_196' title='bbox 308 3356 368 3409; x_wconf 85' lang='lat' dir='ltr'><strong>pag.</strong></span> <span class='ocrx_word' id='word_1_197' title='bbox 383 3339 469 3404; x_wconf 77' lang='lat' dir='ltr'><strong>21,in</strong></span> <span class='ocrx_word' id='word_1_198' title='bbox 481 3352 536 3392; x_wconf 90' lang='lat' dir='ltr'><strong>not.</strong></span> <span class='ocrx_word' id='word_1_199' title='bbox 758 3341 803 3408; x_wconf 85' lang='lat' dir='ltr'><strong>fiat</strong></span> <span class='ocrx_word' id='word_1_200' title='bbox 818 3340 854 3392; x_wconf 90' lang='lat' dir='ltr'><strong>ita</strong></span> <span class='ocrx_word' id='word_1_201' title='bbox 870 3352 900 3392; x_wconf 92' lang='lat' dir='ltr'><strong>ut</strong></span> <span class='ocrx_word' id='word_1_202' title='bbox 918 3353 1011 3412; x_wconf 86' lang='lat' dir='ltr'><strong>optas,</strong></span> <span class='ocrx_word' id='word_1_203' title='bbox 1027 3353 1053 3393; x_wconf 88' lang='lat' dir='ltr'><strong>et</strong></span> <span class='ocrx_word' id='word_1_204' title='bbox 1072 3340 1200 3413; x_wconf 86' lang='lat' dir='ltr'><strong>quiddam</strong></span> <span class='ocrx_word' id='word_1_205' title='bbox 1214 3360 1277 3396; x_wconf 87' lang='lat' dir='ltr'><strong>me·</strong></span> 
     </span>
    </p>

    <p class='ocr_par' dir='ltr' id='par_1_11' title="bbox 205 3416 1311 4046">
     <span class='ocr_line' id='line_1_27' title="bbox 243 3416 1276 3492; baseline 0.007 -24"><span class='ocrx_word' id='word_1_206' title='bbox 243 3423 304 3470; x_wconf 79' lang='lat'><strong>520.</strong></span> <span class='ocrx_word' id='word_1_207' title='bbox 315 3423 393 3485; x_wconf 83' lang='lat' dir='ltr'><strong>Quum</strong></span> <span class='ocrx_word' id='word_1_208' title='bbox 406 3439 532 3470; x_wconf 74' lang='lat' dir='ltr'><strong>maxume.</strong></span> <span class='ocrx_word' id='word_1_209' title='bbox 542 3416 585 3470; x_wconf 88' lang='lat' dir='ltr'><strong>Sic</strong></span> <span class='ocrx_word' id='word_1_210' title='bbox 595 3418 613 3469; x_wconf 93' lang='lat' dir='ltr'><strong>l.</strong></span> <span class='ocrx_word' id='word_1_211' title='bbox 622 3419 712 3470; x_wconf 90' lang='lat' dir='ltr'><strong>Bemb.</strong></span> <span class='ocrx_word' id='word_1_212' title='bbox 758 3419 821 3478; x_wconf 90' lang='lat' dir='ltr'><strong>lius,</strong></span> <span class='ocrx_word' id='word_1_213' title='bbox 834 3419 999 3474; x_wconf 87' lang='lat' dir='ltr'><strong>commodius</strong></span> <span class='ocrx_word' id='word_1_214' title='bbox 1009 3421 1059 3472; x_wconf 87' lang='lat' dir='ltr'><strong>hoc</strong></span> <span class='ocrx_word' id='word_1_215' title='bbox 1070 3421 1128 3492; x_wconf 88' lang='lat' dir='ltr'><strong>ipso</strong></span> <span class='ocrx_word' id='word_1_216' title='bbox 1140 3433 1188 3474; x_wconf 91' lang='lat' dir='ltr'><strong>tuo</strong></span> <span class='ocrx_word' id='word_1_217' title='bbox 1198 3435 1276 3488; x_wconf 84' lang='lat' dir='ltr'><strong>voto,</strong></span> 
     </span>
     <span class='ocr_line' id='line_1_28' title="bbox 206 3497 1276 3570; baseline 0.007 -23"><span class='ocrx_word' id='word_1_218' title='bbox 206 3497 239 3548; x_wconf 89' lang='lat' dir='ltr'><strong>In</strong></span> <span class='ocrx_word' id='word_1_219' title='bbox 251 3497 332 3569; x_wconf 85' lang='lat' dir='ltr'><strong>antiq.</strong></span> <span class='ocrx_word' id='word_1_220' title='bbox 345 3517 399 3549; x_wconf 85' lang='lat' dir='ltr'><strong>eum</strong></span> <span class='ocrx_word' id='word_1_221' title='bbox 407 3500 529 3560; x_wconf 69' lang='lat' dir='ltr'><strong>ruostine,</strong></span> <span class='ocrx_word' id='word_1_222' title='bbox 540 3515 587 3568; x_wconf 89' lang='lat' dir='ltr'><strong>per</strong></span> <span class='ocrx_word' id='word_1_223' title='bbox 598 3515 715 3550; x_wconf 90' lang='lat' dir='ltr'><strong>errorem</strong></span> <span class='ocrx_word' id='word_1_224' title='bbox 759 3497 781 3550; x_wconf 87' lang='lat' dir='ltr'><strong>si</strong></span> <span class='ocrx_word' id='word_1_225' title='bbox 799 3516 876 3550; x_wconf 84' lang='lat' dir='ltr'><strong>senex</strong></span> <span class='ocrx_word' id='word_1_226' title='bbox 892 3511 978 3570; x_wconf 88' lang='lat' dir='ltr'><strong>potest</strong></span> <span class='ocrx_word' id='word_1_227' title='bbox 991 3497 1087 3552; x_wconf 83' lang='lat' dir='ltr'><strong>facere.</strong></span> <span class='ocrx_word' id='word_1_228' title='bbox 1106 3501 1170 3554; x_wconf 72' lang='lat' dir='ltr'><strong>Haec</strong></span> <span class='ocrx_word' id='word_1_229' title='bbox 1182 3502 1276 3554; x_wconf 84' lang='lat' dir='ltr'><strong>ambi-</strong></span> 
     </span>
     <span class='ocr_line' id='line_1_29' title="bbox 205 3575 1277 3651; baseline 0.007 -24"><span class='ocrx_word' id='word_1_230' title='bbox 205 3575 499 3642; x_wconf 82' lang='lat' dir='ltr'><strong>manifestum.—Quum</strong></span> <span class='ocrx_word' id='word_1_231' title='bbox 504 3578 716 3646; x_wconf 61' lang='lat' dir='ltr'><strong>marumedrrpd·</strong></span> <span class='ocrx_word' id='word_1_232' title='bbox 758 3597 809 3647; x_wconf 84' lang='lat' dir='ltr'><strong>gne</strong></span> <span class='ocrx_word' id='word_1_233' title='bbox 819 3576 888 3630; x_wconf 89' lang='lat' dir='ltr'><strong>dicta</strong></span> <span class='ocrx_word' id='word_1_234' title='bbox 897 3578 1102 3648; x_wconf 79' lang='lat' dir='ltr'><strong>interpretamur</strong></span> <span class='ocrx_word' id='word_1_235' title='bbox 1112 3598 1168 3632; x_wconf 90' lang='lat' dir='ltr'><strong>esse</strong></span> <span class='ocrx_word' id='word_1_236' title='bbox 1177 3598 1193 3632; x_wconf 84' lang='lat' dir='ltr'><strong>a</strong></span> <span class='ocrx_word' id='word_1_237' title='bbox 1202 3581 1277 3651; x_wconf 86' lang='lat' dir='ltr'><strong>Syro</strong></span> 
     </span>
     <span class='ocr_line' id='line_1_30' title="bbox 206 3655 1311 3728; baseline 0.004 -20"><span class='ocrx_word' id='word_1_238' title='bbox 206 3663 288 3719; x_wconf 82' lang='grc' dir='ltr'>λιστα,</span> <span class='ocrx_word' id='word_1_239' title='bbox 302 3657 414 3710; x_wconf 89' lang='lat' dir='ltr'><strong>maximo</strong></span> <span class='ocrx_word' id='word_1_240' title='bbox 426 3675 486 3708; x_wconf 90' lang='lat' dir='ltr'><strong>cum</strong></span> <span class='ocrx_word' id='word_1_241' title='bbox 500 3656 600 3709; x_wconf 84' lang='lat' dir='ltr'><strong>ardore.</strong></span> <span class='ocrx_word' id='word_1_242' title='bbox 611 3689 643 3699; x_wconf 83' lang='lat'><strong>-·</strong></span> <span class='ocrx_word' id='word_1_243' title='bbox 655 3663 717 3724; x_wconf 82' lang='lat' dir='ltr'><strong>Ope·</strong></span> <span class='ocrx_word' id='word_1_244' title='bbox 759 3669 881 3728; x_wconf 89' lang='lat' dir='ltr'><strong>optante,</strong></span> <span class='ocrx_word' id='word_1_245' title='bbox 895 3655 969 3728; x_wconf 87' lang='lat' dir='ltr'><strong>quod</strong></span> <span class='ocrx_word' id='word_1_246' title='bbox 980 3668 1018 3710; x_wconf 84' lang='lat' dir='ltr'><strong>est</strong></span> <span class='ocrx_word' id='word_1_247' title='bbox 1031 3657 1133 3711; x_wconf 87' lang='lat' dir='ltr'><strong>servilis</strong></span> <span class='ocrx_word' id='word_1_248' title='bbox 1144 3659 1254 3712; x_wconf 78' lang='lat' dir='ltr'><strong>malitias</strong></span> <span class='ocrx_word' id='word_1_249' title='bbox 1266 3700 1276 3724; x_wconf 92' lang='lat'>,</span> <span class='ocrx_word' id='word_1_250' title='bbox 1307 3693 1311 3700; x_wconf 91' lang='lat'><em>-</em></span> 
     </span>
     <span class='ocr_line' id='line_1_31' title="bbox 207 3735 1278 3807; baseline 0.006 -22"><span class='ocrx_word' id='word_1_251' title='bbox 207 3735 492 3798; x_wconf 80' lang='lat' dir='ltr'><strong>rir‚rustici.-Utinam</strong></span> <span class='ocrx_word' id='word_1_252' title='bbox 502 3739 609 3803; x_wconf 81' lang='lat' dir='ltr'><strong>quidem.</strong></span> <span class='ocrx_word' id='word_1_253' title='bbox 621 3736 716 3788; x_wconf 86' lang='lat' dir='ltr'><strong>Censet</strong></span> <span class='ocrx_word' id='word_1_254' title='bbox 760 3747 789 3788; x_wconf 90' lang='lat' dir='ltr'><strong>ut</strong></span> <span class='ocrx_word' id='word_1_255' title='bbox 801 3735 846 3786; x_wconf 91' lang='lat' dir='ltr'><strong>ille</strong></span> <span class='ocrx_word' id='word_1_256' title='bbox 858 3753 994 3806; x_wconf 85' lang='lat' dir='ltr'><strong>nunquam</strong></span> <span class='ocrx_word' id='word_1_257' title='bbox 1007 3735 1069 3787; x_wconf 90' lang='lat' dir='ltr'><strong>inde</strong></span> <span class='ocrx_word' id='word_1_258' title='bbox 1083 3748 1186 3807; x_wconf 84' lang='lat' dir='ltr'><strong>surgat,</strong></span> <span class='ocrx_word' id='word_1_259' title='bbox 1202 3737 1231 3788; x_wconf 92' lang='lat' dir='ltr'><strong>h.</strong></span> <span class='ocrx_word' id='word_1_260' title='bbox 1248 3759 1278 3794; x_wconf 88' lang='lat' dir='ltr'><strong>e.</strong></span> 
     </span>
     <span class='ocr_line' id='line_1_32' title="bbox 206 3812 1280 3886; baseline 0.006 -22"><span class='ocrx_word' id='word_1_261' title='bbox 206 3813 322 3867; x_wconf 82' lang='lat' dir='ltr'><strong>Donatus</strong></span> <span class='ocrx_word' id='word_1_262' title='bbox 330 3812 541 3870; x_wconf 87' lang='lat' dir='ltr'><strong>subaudiendum</strong></span> <span class='ocrx_word' id='word_1_263' title='bbox 553 3818 714 3881; x_wconf 79' lang='lat' dir='ltr'><strong>apudvillam</strong></span> <span class='ocrx_word' id='word_1_264' title='bbox 759 3814 897 3867; x_wconf 89' lang='lat' dir='ltr'><strong>moriatur.</strong></span> <span class='ocrx_word' id='word_1_265' title='bbox 910 3816 970 3866; x_wconf 88' lang='lat' dir='ltr'><strong>Non</strong></span> <span class='ocrx_word' id='word_1_266' title='bbox 980 3827 1067 3866; x_wconf 88' lang='lat' dir='ltr'><strong>autem</strong></span> <span class='ocrx_word' id='word_1_267' title='bbox 1077 3815 1199 3886; x_wconf 80' lang='lat' dir='ltr'><strong>inteiligit</strong></span> <span class='ocrx_word' id='word_1_268' title='bbox 1210 3816 1280 3870; x_wconf 86' lang='lat' dir='ltr'><strong>Cte-</strong></span> 
     </span>
     <span class='ocr_line' id='line_1_33' title="bbox 209 3892 1278 3965; baseline 0.008 -23"><span class='ocrx_word' id='word_1_269' title='bbox 209 3893 256 3954; x_wconf 82' lang='lat' dir='ltr'><strong>sit‚</strong></span> <span class='ocrx_word' id='word_1_270' title='bbox 274 3903 300 3943; x_wconf 90' lang='lat' dir='ltr'><strong>et</strong></span> <span class='ocrx_word' id='word_1_271' title='bbox 317 3892 549 3965; x_wconf 85' lang='lat' dir='ltr'><strong>distinguendum,</strong></span> <span class='ocrx_word' id='word_1_272' title='bbox 572 3906 715 3964; x_wconf 84' lang='lat' dir='ltr'><strong>antequam</strong></span> <span class='ocrx_word' id='word_1_273' title='bbox 759 3893 853 3965; x_wconf 87' lang='lat' dir='ltr'><strong>sipho,</strong></span> <span class='ocrx_word' id='word_1_274' title='bbox 865 3906 890 3946; x_wconf 92' lang='lat' dir='ltr'><strong>et</strong></span> <span class='ocrx_word' id='word_1_275' title='bbox 904 3905 975 3946; x_wconf 86' lang='lat' dir='ltr'><strong>ratus</strong></span> <span class='ocrx_word' id='word_1_276' title='bbox 989 3912 1092 3946; x_wconf 84' lang='lat' dir='ltr'><strong>servum</strong></span> <span class='ocrx_word' id='word_1_277' title='bbox 1112 3907 1175 3946; x_wconf 85' lang='lat' dir='ltr'><strong>voto</strong></span> <span class='ocrx_word' id='word_1_278' title='bbox 1188 3897 1278 3951; x_wconf 84' lang='lat' dir='ltr'><strong>etiaur</strong></span> 
     </span>
     <span class='ocr_line' id='line_1_34' title="bbox 210 3969 1220 4046; baseline 0.005 -24"><span class='ocrx_word' id='word_1_279' title='bbox 210 3969 338 4022; x_wconf 75' lang='lat' dir='ltr'><strong>inferatur</strong></span> <span class='ocrx_word' id='word_1_280' title='bbox 347 3971 418 4041; x_wconf 90' lang='lat' dir='ltr'><strong>quod</strong></span> <span class='ocrx_word' id='word_1_281' title='bbox 434 3973 563 4045; x_wconf 86' lang='lat' dir='ltr'><strong>sequitur.</strong></span> <span class='ocrx_word' id='word_1_282' title='bbox 579 3972 714 4026; x_wconf 87' lang='lat' dir='ltr'><strong>Malnmus</strong></span> <span class='ocrx_word' id='word_1_283' title='bbox 759 3973 875 4027; x_wconf 83' lang='lat' dir='ltr'><strong>vividius</strong></span> <span class='ocrx_word' id='word_1_284' title='bbox 889 3974 992 4038; x_wconf 81' lang='lat' dir='ltr'><strong>favere,</strong></span> <span class='ocrx_word' id='word_1_285' title='bbox 1005 3973 1161 4046; x_wconf 87' lang='lat' dir='ltr'><strong>respondet,</strong></span> <span class='ocrx_word' id='word_1_286' title='bbox 1175 3980 1220 4027; x_wconf 87' lang='lat' dir='ltr'><strong>ita.</strong></span> 
     </span>
    </p>
   </div>
   <div class='ocr_carea' id='block_1_7' title="bbox 0 0 1410 4788">
    <p class='ocr_par' dir='ltr' id='par_1_12' title="bbox 0 0 1410 4788">
     <span class='ocr_line' id='line_1_35' title="bbox 0 0 1410 4788; baseline 0 0"><span class='ocrx_word' id='word_1_287' title='bbox 0 0 1410 4788; x_wconf 95' lang='lat' dir='ltr'><strong> </strong></span> 
     </span>
    </p>
   </div>
  </div>
 </body>
</html>
