2834 4788
353 396 563 464 ADELPH.
592 399 701 465 ACT.
729 397 863 480 I,.SC.
894 398 941 463 11.
1124 393 1173 481 25

105 512 229 592 Amat?
245 524 389 594 Dabitur
409 551 428 594 a
445 551 499 595 me
515 543 707 624 argentum,
722 527 802 596 dum
821 530 885 596 erit
902 528 1136 598 commodum:

109 631 177 699 Ubi
198 657 267 699 non
287 633 366 716 erit,
386 632 523 702 fortasse
540 634 734 704 excludetur
754 634 851 722 foras.

107 739 208 805 Fores
229 736 385 838 effregit?
399 740 643 826 Restituentur3
661 739 792 810 discidit

107 841 267 912 Vestem?
283 845 503 914 Resarcietur.
516 849 592 934 Est,
607 847 668 916 Dis
685 848 808 940 gratia,

107 951 152 1016 Et
167 949 256 1016 unde
274 949 345 1018 haec
366 949 512 1038 fiant‚·et
532 952 641 1022 adhuc
660 977 728 1022 non
747 952 886 1021 molesta
901 967 988 1021 sunt.

107 1057 280 1124 Postremo
298 1071 356 1124 aut
375 1047 504 1140 desine,
523 1073 581 1127 aut
599 1059 681 1128 cedo
701 1060 850 1152 quemvis
868 1059 1051 1127 arbitrum:
1126 1051 1129 1059 ’

59 1201 65 1210 ·
106 1163 154 1228 Tc
174 1159 271 1254 plura
289 1163 322 1228 in
342 1162 406 1230 hac
427 1188 462 1231 rc
480 1189 618 1257 peccare
639 1165 821 1234 ostendam.
840 1167 903 1234 Du.
925 1167 986 1233 Hei
1005 1160 1106 1232 mihil
1138 1187 1176 1228 ns

107 1268 206 1335 Pater
223 1291 293 1336 esse
312 1267 400 1338 disce
415 1269 457 1336 uh
474 1269 552 1354 illis,
567 1274 623 1364 qui
642 1297 719 1340 vere
739 1272 856 1340 sciunt.

107 1373 170 1440 Mi.
189 1375 319 1443 Natura
339 1388 375 1442 tu
395 1373 442 1442 illi
462 1390 557 1469 pater
579 1401 631 1464 es,
649 1376 791 1448 consiliis
809 1401 881 1472 ego.

106 1585 149 1634 cit.
167 1610 209 1622 -
229 1577 361 1635 Obsonats'
378 1585 462 1638 qute
484 1587 615 1656 epulatur.
662 1588 771 1648 luerint,
782 1587 817 1639 ob
824 1587 994 1651 AEschinum,
1006 1587 1073 1638 milri
1088 1605 1174 1639 resar-

106 1692 148 1703 --
173 1661 234 1713 Olet
250 1658 393 1732 unguenta?
414 1665 617 1735 Unguentorum
661 1665 763 1720 ciendo.
777 1667 844 1719 Peri.

106 1738 238 1793 odoribus
253 1742 358 1812 fragrat.
374 1773 415 1784 -
431 1743 472 1795 De
486 1763 545 1797 meo.
561 1747 616 1798 Im·
705 1745 902 1808 ruffinum
912 1757 956 1796 aut
967 1745 1063 1808 desine,
1077 1757 1122 1796 aut
1133 1766 1172 1797 ce·

105 1820 195 1888 pensis
216 1821 281 1873 meis
302 1823 358 1875 haec
378 1823 455 1885 lacit,
477 1843 531 1876 uon
553 1843 616 1878 vero
660 1825 710 1888 dc,
725 1837 774 1877 etc.
798 1827 851 1877 Aut
866 1819 956 1877 disice
973 1842 1076 1877 mecum
1094 1826 1174 1877 alter·

107 1899 168 1952 tuis.
661 1905 731 1964 cari,
748 1916 793 1956 aut
814 1904 884 1956 oller
904 1923 982 1976 quem
1003 1915 1034 1956 tu
1057 1923 1172 1974 cumque

148 1997 212 2048 119.
225 1974 615 2054 Amatt'NonintcrrogantBr.
660 1984 777 2037 volueris
795 1983 912 2054 judicem
937 1984 1011 2036 istius
1031 1983 1101 2035 inter
1124 2003 1174 2036 noc

105 2059 183 2112 Bent.
200 2072 261 2129 post
279 2071 359 2116 amat,
374 2079 460 2132 neque
473 2077 532 2133 post
543 2064 616 2128 effue-
661 2064 851 2118 controversia.
869 2064 983 2115 Vincam
1002 2081 1172 2132 quocumque

104 2143 158 2206 git,
174 2157 224 2191 nec
240 2153 301 2209 post
315 2151 412 2191 uestem.
431 2141 587 2194 Both.dolet
600 2163 617 2194 a
658 2141 765 2214 judice,
782 2155 808 2195 et
828 2145 856 2196 in
874 2143 997 2214 pluribus
1015 2159 1124 2213 peccare
1144 2157 1171 2194 te

106 2236 158 2280 me,
176 2237 292 2289 proquo
310 2217 356 2271 dut
368 2220 398 2274 B.
412 2223 442 2271 ei.
466 2253 505 2262 —
519 2223 617 2274 Amat?
660 2220 1170 2293 ostendum,teesseiniquiorem,quum

104 2296 214 2349 Amicos
226 2299 314 2350 habet.
324 2313 367 2340 -’
376 2299 442 2350 Dum
456 2305 502 2352 erit
515 2321 616 2352 commo·
661 2321 710 2372 ego
724 2301 780 2353 sim.
793 2301 850 2354 Juv.

104 2377 171 2430 dum.
179 2375 317 2442 Quamdiu
331 2377 396 2430 mihi
412 2378 521 2434 facultas
534 2379 616 2434 dandi
705 2383 770 2434 1²5.
787 2381 822 2433 Te
832 2382 906 2452 plura
918 2384 943 2432 in
957 2381 1001 2432 luc
1015 2401 1047 2432 rc.
1061 2381 1103 2432 Itu
1116 2381 1173 2451 ple·

107 2456 170 2510 erit.
372 2479 375 2486 ’
661 2461 737 2531 rique
759 2461 830 2512 libri.
854 2457 970 2526 Quidum
989 2463 1013 2510 in
1029 2460 1091 2510 lianc
1112 2479 1169 2511 rem.

147 2554 211 2589 120.
228 2535 278 2588 Ubi
288 2556 336 2588 nou
350 2541 404 2590 erit.
420 2537 534 2603 Quando
550 2538 616 2592 defl-
661 2541 749 2594 West.
760 2541 805 2592 Br.
815 2553 840 2591 et
852 2553 882 2594 te.
892 2571 933 2581 -
944 2540 993 2590 Hel
1005 2539 1078 2590 milei!
1094 2540 1170 2591 Bent.

104 2615 159 2668 ciet
173 2615 296 2686 pecunia.
306 2648 345 2658 —
355 2617 470 2670 Fortasse
479 2621 619 2671 excludetur
662 2619 706 2672 Br.
719 2621 755 2670 Ei
768 2621 845 2671 milri·

99 2697 184 2760 soros.
212 2696 253 2746 Ab
275 2696 373 2761 amica,
398 2715 443 2748 seu
466 2699 616 2752 meretrice.
705 2695 1170 2765 126.Abtttis.Atii‚«buliu-Qui

105 2776 226 2826 Donatus
243 2775 312 2826 hene
328 2777 445 2846 agnoscit
460 2795 548 2829 mores
564 2777 619 2828 Mi.
661 2795 717 2826 vere
728 2781 813 2828 sciunt.
827 2777 902 2828 Boot.
916 2773 958 2827 ed.
975 2779 1016 2847 qui
1033 2779 1087 2826 ocri
1100 2778 1169 2830 sient.

104 2855 191 2906 cionis
206 2855 235 2904 in
249 2873 315 2906 voce
333 2856 450 2908 fortasse.
470 2855 537 2908 Nam
560 2857 617 2908 boec
662 2853 730 2908 Num
740 2858 768 2908 τὸ
778 2859 841 2907 sieut
850 2855 1037 2926 conjecturuvit
1046 2857 1100 2925 jam
1111 2867 1171 2908 onte

104 2932 172 2986 dicit
181 2947 212 2986 ut
222 2947 297 3004 pater
305 2933 458 3006 indulgens,
471 2949 498 2989 et
506 2935 616 2989 credens
661 2935 816 2988 Palmerius.
827 2967 866 2980 -
880 2937 955 2987 Pater
967 2955 1015 2986 esse
1032 2935 1103 2986 disce.
1122 2937 1170 2988 Di·

102 3011 296 3066 adolescentem
310 3033 386 3084 posse
399 3014 479 3067 etiam
490 3017 570 3086 gratis
584 3018 617 3068 ab
662 3033 706 3066 sce
720 3027 746 3067 te
757 3027 859 3086 patrem
871 3015 1054 3085 gerere.-··-Ab
1064 3015 1113 3067 illis
1125 3019 1167 3086 qui

103 3093 188 3146 amico
201 3094 295 3146 amari.
661 3113 719 3145 vere
735 3099 826 3158 sciunt,
842 3095 952 3164 supple,
964 3094 1075 3162 putrium
1094 3108 1170 3164 pote·

147 3191 213 3225 ιιι.
230 3173 306 3224 Fores
318 3175 436 3242 effugite
447 3178 632 3236 re.rtituentur;‘
661 3185 753 3226 statem
774 3191 905 3226 exercere.
916 3173 950 3226 Et
968 3172 1068 3235 ilinuit‚
1084 3187 1169 3244 putres

103 3253 190 3304 disc-ili.
211 3265 262 3305 etc.
274 3254 354 3306 Hunc
367 3253 457 3306 locum
471 3255 565 3307 Cicero
579 3255 616 3307 ci·
662 3253 740 3324 ipsos.

104 3345 143 3384 tat
161 3351 213 3404 pro
229 3333 324 3396 Caelio,
342 3334 425 3396 XVI,
441 3334 489 3385 sub
504 3353 616 3404 persona
704 3351 769 3401 1²7·
782 3333 880 3386 Natum
892 3341 918 3382 tu
931 3331 1045 3400 illiputer
1060 3351 1098 3387 es,
1113 3351 1170 3382 con-

104 3412 219 3465 mitioris
234 3417 324 3482 patris.
335 3412 444 3465 Famab.
660 3410 721 3464 siliis
735 3432 787 3481 ego.
800 3411 921 3481 Intellige
934 3411 1052 3474 comitiis,
1071 3435 1082 3456 ι
1100 3424 1171 3466 recta

148 3511 213 3544 m.
228 3493 279 3543 Est
296 3503 321 3543 et
332 3493 394 3544 unde
406 3493 456 3543 laaec
462 3491 537 3561 fiant.
555 3493 616 3544 Non
660 3491 833 3544 institutione.
851 3517 862 3538 ι
882 3519 923 3530 --
941 3489 999 3542 Hoc
1016 3501 1102 3541 totum
1118 3502 1171 3552 est,

104 3569 178 3623 deest
206 3571 288 3623 nobis
313 3571 426 3643 pecunia
445 3589 478 3623 ex
503 3589 554 3641 quo
572 3571 615 3623 isti
660 3572 734 3639 quasi
747 3570 866 3623 diceret:
885 3595 896 3616 ι
914 3571 957 3622 Tu
976 3567 1100 3639 quidem,
1117 3570 1170 3622 De·

5 3703 6 3710 ,
104 3663 228 3721 sumptus
240 3651 315 3703 fiant.
660 3667 727 3710 mea,
738 3649 864 3702 AEuchino
877 3661 951 3720 puter
966 3667 1011 3712 cs,
1025 3661 1105 3718 atque
1117 3648 1170 3700 hoc

148 3729 213 3782 123.
223 3731 263 3782 Et
273 3731 344 3782 uude.
357 3728 474 3794 Quidam
486 3729 547 3781 libri
559 3747 614 3782 nou
659 3729 797 3781 fortuitum
808 3740 854 3782 est.
869 3727 922 3781 sed
935 3746 984 3797 ego
996 3727 1043 3798 qui
1055 3725 1170 3779 destinu-

5 3859 6 3882 χ
103 3824 253 3878 agnoscunt
278 3812 307 3862 τὸ
336 3822 367 3861 et.
397 3812 457 3863 Dat.
480 3809 540 3880 Bip.
568 3810 618 3861 Est
659 3821 686 3860 to
707 3809 845 3881 proposito
865 3819 896 3861 uc
915 3807 1060 3859 deliberato
1082 3807 1170 3859 auimo

5 3887 6 3938 l
104 3883 265 3958 Diisgratiu,
279 3909 350 3962 quum
363 3890 469 3942 rotunde
479 3887 617 3958 lioecfiant:
660 3907 800 3960 personam
817 3887 899 3958 putris
917 3888 945 3938 in
960 3884 1112 3958 adoptatum
1128 3887 1170 3938 iu-

5 3971 6 3982 *
103 3981 127 4018 et
139 3969 219 4020 adliuc
234 3989 297 4032 nou,
311 3983 361 4023 etc.
377 4000 415 4011 -
430 3970 468 4021 Et
478 3969 557 4021 adhuc
570 3988 617 4020 non
661 3967 718 4030 dui,
733 3969 801 4020 nihil
813 3966 1000 4038 praemitto,
1015 3966 1081 4038 quin
1097 3966 1132 4018 ita
1146 3965 1171 4016 ei

105 4049 204 4100 ‚notesco
217 4063 281 4102 suut.
294 4049 400 4102 Scilicet
417 4049 437 4100 si
451 4067 509 4120 quae
520 4047 618 4102 domm
662 4049 814 4112 consulum,
849 4045 915 4098 sicut
949 4046 1038 4100 liberi·
1069 4045 1171 4098 consuli
1278 4053 1282 4063 “

1294 1226 1310 1280 l
