2824 4778
302 323 308 336 ⁵
336 328 593 398 PHORMIO.
621 328 731 396 ACT.
754 329 787 409 1,
813 328 882 394 SC.
905 331 956 396 II.

1106 332 1169 412 241

112 463 199 530 Puer
215 485 313 531 causa
330 463 392 530 erit
406 460 580 530 mittundi:
602 460 660 530 sed
677 459 806 528 videon’
824 459 965 573 Getam?
1152 478 1176 514 ⁵0

343 666 563 754 SCENA
596 663 943 755 SECUNDA.

483 860 611 930 GETA.
640 861 802 928 nnvus.
850 915 857 930 ,

112 1041 154 1106 G.
164 1039 199 1106 Si
208 1038 281 1132 quis
292 1063 346 1106 me
358 1051 481 1132 quaeret
492 1035 707 1104 rufus....Dn.
716 1037 901 1121 Praesto'st,
913 1035 1033 1104 desine.
1043 1039 1087 1106 G.
1101 1033 1173 1107 Oh!

111 1147 156 1212 At
172 1169 235 1238 ego
249 1144 384 1212 obviam
403 1143 548 1213 conabar
563 1141 638 1227 tibi,
661 1143 765 1209 Dave'.
780 1143 847 1209 DA.
862 1143 1002 1235 Accipe:
1023 1141 1120 1212 hem!
1264 1123 1268 1134 ¹

112 1251 254 1320 Lectum
268 1251 328 1319 'st:
345 1250 520 1318 conveniet
537 1271 716 1330 numerus,
735 1261 896 1340 quantum
915 1247 1024 1318 debui.

112 1358 155 1423 G.
172 1361 257 1424 Amo
272 1370 321 1443 te,
340 1371 373 1425 et
392 1381 461 1424 non
480 1353 660 1448 neglexisse
678 1353 787 1421 habeo
812 1343 961 1446 gratiam]
1046 1404 1049 1410 -

111 1463 179 1530 Ds.
200 1465 382 1532 Praesertim
403 1481 441 1530 ut
460 1485 549 1530 nunc
568 1473 645 1529 sunt
659 1485 783 1544 mores,
804 1459 887 1527 adeo
905 1485 957 1528 res
972 1460 1071 1547 redit,
1151 1477 1174 1515 ⁵⁵

112 1569 146 1636 Si
165 1570 239 1662 quis
260 1568 340 1662 qnid
362 1567 484 1652 reddit,
511 1590 632 1660 magna
645 1563 798 1653 habenda
815 1568 855 1633 ’st
875 1567 988 1658 gratia.

111 1673 177 1741 Sed
194 1673 273 1768 quid
287 1689 323 1743 tu
339 1699 373 1743 es
386 1671 509 1742 tristis?
522 1676 563 1742 G.
583 1669 721 1766 Egone?
737 1672 843 1739 nescis
857 1695 924 1764 quo
942 1673 976 1737 in
991 1685 1101 1756 metu,
1122 1689 1155 1743 et

110 1779 249 1868 Quanto
263 1782 298 1848 in
313 1779 438 1875 periclo
453 1777 576 1848 simus?
593 1780 662 1847 Di.
679 1776 769 1865 Quid
788 1779 872 1846 istuc
891 1775 961 1846 est?
981 1779 1025 1846 G.
1042 1781 1149 1866 Scies,

146 1958 188 2010 5ο.
199 1963 262 2012 Mitt.
274 1961 306 2014 C.
316 1961 349 2013 G.
360 1979 396 2012 m.
407 1961 545 2012 amittendi.
556 1957 620 2029 Sup.

110 2037 201 2107 script.
216 2042 280 2090 illud
290 2053 430 2108 argentum.
448 2069 484 2078 -
494 2041 619 2088 urinandi.

110 2116 167 2168 Cur
173 2117 449 2174 hseodonssnittsntnr
457 2115 492 2168 ad
499 2128 619 2169 matrem.

149 2193 194 2252 So.
206 2203 336 2252 11.Davns
345 2197 425 2250 offert
434 2196 524 2261 Geta,
539 2213 620 2266 quam

110 2280 225 2333 debebat
243 2277 405 2346 pecuniam:
425 2293 507 2338 mox,
527 2285 556 2326 ut
573 2273 619 2338 fit,

109 2361 179 2412 inter
191 2377 219 2412 se
232 2356 378 2410 fabulantes
401 2353 434 2408 de
453 2353 575 2406 Phsedriu
593 2367 620 2407 et

110 2438 272 2509 Antiphone,
280 2454 340 2508 quse
349 2436 383 2487 sb
389 2432 553 2486 auditoribus
558 2433 619 2487 sciri

108 2536 177 2589 opus
191 2528 247 2569 erat
258 2515 370 2587 pulchre
382 2524 499 2566 narrent.
517 2518 617 2564 Juvenc.

146 2598 189 2651 51.
202 2599 230 2647 Si
245 2598 300 2660 quis
313 2613 351 2646 ms
363 2613 390 2660 q.
402 2592 494 2659 rufus...
506 2589 548 2642 Ad
557 2608 619 2642 cou-

109 2693 215 2729 servum
227 2673 357 2744 loquitur,
367 2671 411 2725 cui
422 2672 526 2722 Davum
540 2669 620 2722 cosni-

110 2756 231 2824 cerasum
241 2753 357 2815 notarit3
372 2763 398 2804 et
409 2751 488 2821 plura
501 2747 539 2799 illi
547 2765 620 2804 men·

109 2833 230 2894 daturus,
241 2831 359 2885 adventu
372 2829 438 2882 Davi
450 2827 531 2898 ipsius
545 2825 619 2878 cohi·

109 2914 196 2965 betur.
207 2918 343 2963 -Proesto
357 2915 392 2962 'st
410 2911 450 2961 De
463 2925 491 2959 se
508 2906 566 2977 ipse
579 2905 619 2958 lo·

109 2991 200 3062 quitur
214 2991 311 3042 Davus.
328 3019 363 3030 -
382 2990 481 3051 Desine,
492 2983 619 3038 mandare

109 3070 167 3123 hnc
185 3088 315 3122 conservo
335 3081 390 3122 tuo.

146 3151 191 3204 ⁵2.
212 3153 331 3209 conabar,
340 3146 369 3200 id
382 3158 433 3208 est,
441 3143 618 3214 incipiebam,

110 3227 269 3293 meditabar,
287 3239 313 3278 et
329 3223 450 3282 subaud„
463 3228 508 3276 ire.
525 3231 619 3278 -zsc-

109 3309 169 3375 cipe.
179 3305 312 3358 Praevenit
319 3305 474 3377 petitionem
484 3339 492 3366 ,
506 3300 620 3356 dicendo

109 3389 209 3453 acesim
218 3396 244 3438 et
251 3402 375 3440 nummos
384 3382 475 3446 offert,
485 3401 542 3452 sup.
550 3380 621 3433 enim

110 3463 229 3528 dixerat,
247 3483 286 3518 vs.
306 3463 360 3526 38,
378 3462 473 3529 confeci
480 3498 488 3523 ,
501 3463 600 3530 adfero.

144 3543 188 3598 53.
202 3549 309 3596 Lectum.
325 3544 479 3612 integrum,
496 3559 553 3592 uon
572 3537 620 3590 ad-

110 3625 272 3686 uterinum,
298 3639 376 3693 supp·
405 3633 554 3690 argentum.
584 3647 620 3656 -

110 3706 255 3766 Conveniet,
270 3716 388 3771 qnantum
399 3703 479 3751 debui.
488 3699 620 3768 Congruet

107 3798 219 3853 suntme
232 3779 337 3834 debitae.

111 3890 114 3896 ¹
145 3862 189 3924 54.
206 3853 361 3925 Neglexisse.
374 3856 416 3909 Al.
429 3855 531 3908 addunt
542 3869 575 3906 te.
587 3885 620 3894 —

87 3995 90 4002 ,
109 3946 174 3990 Amo
188 3953 228 4004 te,
242 3954 277 4002 et,
291 3951 341 3992 etc.
354 3933 525 4006 Amat,quod
535 3931 622 3984 reddi·

665 1964 816 2036 diligenter;
826 1977 851 2018 et
859 1965 1008 2020 ostenditur
1017 1987 1079 2020 vere
1088 1988 1178 2023 ncces·

664 2045 761 2097 seriem
774 2044 854 2098 fuisse
867 2045 1015 2116 pecuniam.
1029 2053 1097 2100 Don.

703 2122 747 2176 55.
762 2129 794 2174 Ut
804 2143 869 2184 nunc
880 2139 937 2176 sunt
947 2144 1038 2187 mores,
1050 2145 1102 2196 pro
1119 2145 1177 2180 mo·

664 2221 726 2254 rum
741 2202 863 2271 presenti
880 2203 1036 2272 corruptele.
1053 2235 1089 2246 —
1106 2211 1178 2258 Adeo

664 2283 791 2343 remedie,
802 2279 958 2336 devenimus
973 2281 1006 2334 sd
1025 2281 1053 2334 id
1068 2303 1177 2354 perver-

664 2359 764 2421 sitatis,
779 2359 835 2412 scil.
846 2363 867 2412 si
878 2363 933 2428 quis
946 2364 1009 2427 quid
1019 2365 1113 2429 reddit,
1126 2379 1176 2418 eto.

699 2439 743 2490 56.
754 2440 830 2503 Quid,
837 2439 924 2510 suppl.
933 2438 1176 2506 commodatum.—

662 2521 726 2568 Hab.
736 2530 787 2581 est,
797 2516 852 2568 scil.
867 2519 921 2568 ei...
930 2516 999 2570 citat
1009 2517 1054 2570 hic
1064 2520 1176 2574 Casunb.

663 2596 756 2646 Juven.
766 2594 822 2648 Sat.
835 2612 900 2660 1111,
908 2613 946 2648 vs.
959 2599 1007 2658 60,
1023 2615 1064 2666 sq.
1077 2600 1175 2652 «Nune

663 2673 685 2726 si
697 2672 848 2743 depositum
859 2691 914 2724 non
923 2673 1057 2726 inficietur
1067 2676 1177 2742 amicus,

663 2749 798 2810 Sireddut
816 2761 933 2803 veterem
955 2770 1017 2802 cum
1035 2765 1090 2806 totu
1111 2775 1176 2808 ωηι-

663 2831 724 2900 gine
737 2829 844 2891 follem,
860 2827 1014 2900 Prodigiosa
1027 2831 1102 2886 tides.
1112 2858 1125 2878 υ

700 2907 743 2978 57.
754 2911 817 2968 Sed,
829 2907 977 2978 particula,
987 2911 1128 2972 transitum
1141 2913 1175 2966 si·

663 2988 770 3058 gnificat
782 2984 816 3038 sd
831 2987 992 3040 mentionem
1005 2990 1114 3044 alterins
1125 2994 1174 3046 rei.

662 3096 697 3105 —
706 3069 774 3132 Quid
778 3080 804 3117 tu
814 3085 839 3116 es
852 3069 943 3116 tristis?
954 3066 1061 3120 Iudicat
1069 3069 1112 3122 his
1121 3090 1174 3124 ser-

662 3163 711 3198 vus
720 3143 935 3198 animadvertisse
944 3163 973 3214 se
980 3147 1013 3198 ab
1025 3147 1101 3200 initio
1112 3163 1176 3202 sata-

661 3231 767 3296 gentem
775 3223 918 3276 etsnxium
929 3243 983 3277 esse
995 3225 1097 3278 Getam.
1105 3229 1175 3282 Nem

664 3316 690 3356 et
703 3322 709 3356 :
723 3306 749 3353 Si
758 3307 812 3370 quis
824 3323 862 3366 nze
875 3318 978 3370 quaeret,
987 3315 1014 3356 et
1021 3313 1067 3356 Ast
1075 3325 1120 3374 ego
1133 3312 1174 3358 ob·

665 3385 728 3435 viam
737 3385 778 3432 tibi
787 3385 908 3444 conabar,
914 3387 991 3446 Dave,
999 3396 1025 3435 et
1031 3392 1094 3436 Amo
1108 3401 1141 3446 te,
1152 3402 1175 3438 et

663 3480 712 3510 non
725 3463 864 3527 neglexisse
877 3463 956 3512 habeo
967 3465 1094 3527 gratiam,
1107 3463 1134 3516 in
1145 3485 1173 3518 se

663 3537 799 3610 quoddam
812 3539 995 3592 contractioris
1002 3540 1086 3594 animi
1094 3562 1173 3596 occu·

663 3617 771 3688 patique
791 3617 894 3688 signum
907 3617 1016 3670 habent.
1031 3626 1121 3674 Donat.
1137 3651 1173 3663 -—

664 3702 770 3763 Egone?
780 3695 891 3748 Potesne
902 3710 991 3768 petere
1004 3715 1053 3750 cur
1062 3717 1111 3769 ego
1123 3701 1173 3754 sim

664 3773 761 3852 tristis?

701 3853 743 3918 58.
753 3855 840 3905 Simus.
851 3853 909 3916 Lib.
917 3854 988 3908 vict.
1002 3875 1091 3910 sumus.
1106 3858 1174 3918 Alii,

665 3937 719 3984 sim.
734 3963 765 3972 —
778 3935 865 3996 Simus,
878 3950 942 4002 ego,
957 3945 982 3984 et
1005 3932 1101 3988 heriles
1111 3935 1176 4000 fitii;
1221 3927 1225 3932 ¹

108 4016 178 4070 derit
187 4017 346 4089 pecuniam:
362 4015 415 4088 agit
426 4011 622 4087 gratias,quod
666 4029 733 4082 quos
747 4010 803 4063 scil.
821 4028 910 4062 secum
929 4029 983 4064 nne
1002 4009 1128 4068 intuetur.
1142 4045 1175 4057 -·

164 4123 213 4189 II.

919 4113 1019 4220 416
