2824 4778
225 389 294 458 atti
456 389 636 458 PUBLII
660 391 911 460 TERENTII
936 393 1056 460 AFRI

219 526 301 590 Bac.
320 517 463 589 Ancillas
482 519 585 589 dcdoz
603 518 763 615 quolubet
778 523 926 590 cruciatu
943 527 1070 616 per'me
1087 523 1230 617 exquire.

222 631 301 696 llaec
320 651 374 722 res
385 626 440 696 hic
458 627 566 720 agitur
576 649 584 693 τ
595 626 767 722 Pamphilo
779 651 833 696 me
844 627 952 698 facere
967 627 1132 702 ut'redeat
1147 655 1233 699 uxor
1245 655 1295 708 77⁵

221 735 386 828 Oportet:
410 732 500 826 quod
519 732 725 820 si-effecem,
746 757 814 803 non
835 719 973 828 poenitet
995 759 1049 803 me
1066 734 1175 820 famae,

222 839 332 908 Solam
350 839 464 907 fecisse
481 838 531 923 id,
549 837 639 932 quod
660 839 730 907 aliae
743 842 931 909 meretrices
952 839 1060 909 facere
1074 839 1230 934 fugitant.

217 948 281 1015 La.
302 944 477 1038 Phidippo,
499 959 628 1013 nostras
646 943 799 1014 mulieres
813 960 980 1041 suspectas
997 946 1096 1015 fuisse
1111 945 1192 1016 falso

217 1051 333 1138 Nobis,
348 1052 424 1118 inre
436 1051 507 1144 ipsa
522 1051 723 1120 invenimus:
740 1075 841 1145 porro
851 1051 939 1120 hanc
957 1077 1047 1120 nunc
1064 1055 1292 1146 experiamur.

215 1158 303 1226 Nam
323 1158 349 1224 si
367 1158 567 1249 compererit
584 1157 715 1225 crimini
733 1171 789 1225 tua
810 1181 844 1226 se
857 1181 942 1226 uxor
959 1157 1153 1244 credidisse,
1244 1184 1296 1234 γεω

219 1265 355 1332 Missam
369 1263 450 1330 irunt
465 1261 580 1350 faciet;
591 1262 641 1330 sin
650 1276 760 1331 autem
771 1277 820 1332 est
828 1262 872 1330 ob
880 1287 952 1331 eam
962 1287 1032 1331 rem
1044 1266 1146 1333 iratus
1154 1279 1290 1359 gnotus,

219 1369 321 1460 Quod
341 1369 469 1464 peperit
484 1393 569 1436 uxor
589 1367 693 1454 clam,
713 1367 841 1438 id'leve
857 1366 897 1438 ’st
915 1393 922 1436 :
939 1371 1009 1438 cito'
1022 1369 1064 1438 ab
1081 1395 1124 1438 eo
1140 1369 1211 1439 haec
1235 1373 1293 1438 ira

375 1473 540 1544 abscedet.

217 1607 359 1694 dpqtfclic,
375 1640 433 1693 quae
445 1621 670 1693 sensumanifesta
680 1632 727 1674 est.
770 1620 844 1692 quod
861 1621 919 1675 alie
931 1621 1084 1676 meretrices
1107 1623 1193 1677 faeere
1210 1642 1294 1676 reem·

216 1701 293 1754 -ild
304 1702 355 1755 hoc
362 1701 490 1772 exquisite
499 1701 634 1774 subjungit
643 1701 670 1752 in
679 1719 728 1752 no·
769 1714 839 1766 sant,
849 1700 930 1764 idest,
940 1702 1114 1755 reconciliare
1123 1721 1220 1755 uxores
1230 1721 1288 1755 ma-

217 1781 248 1831 tis
260 1781 382 1832 Dacieria
398 1799 405 1834 :
422 1805 433 1828 ι
449 1781 472 1832 ΙΙ
484 1781 541 1834 faut
554 1781 616 1832 bien
625 1797 727 1832 remar-
769 1780 834 1832 ritis.
845 1781 942 1833 -Hoc
951 1781 1011 1834 loco
1025 1781 1176 1834 felicitatem
1182 1783 1291 1834 Teren-

216 1877 282 1930 quer
295 1857 319 1911 la
333 1859 478 1912 differencc
488 1859 554 1930 qu’il
566 1879 608 1937 ya
620 1870 694 1912 entre
703 1857 727 1910 le
768 1859 799 1912 tii
811 1859 960 1914 felicissime
974 1860 1051 1912 etiarn
1065 1860 1178 1932 explicat
1190 1863 1292 1914 Donat.

215 1943 348 1998 caractere
357 1935 391 1989 de
401 1937 503 1991 Laches
514 1949 539 1988 et
549 1935 660 1990 celuide
670 1936 729 1988 Phi·
769 1938 877 1990 «Multa
899 1939 1041 1990 Terentius
1064 1939 1175 1992 feliciter
1202 1959 1288 1992 ausus

214 2017 303 2087 (lippe.
318 2017 356 2068 Le
375 2021 438 2086 plere
461 2014 494 2066 de
512 2016 537 2066 la
555 2017 652 2068 femme
672 2014 728 2068 doit
770 2028 823 2078 est,
835 2029 892 2069 arte
906 2017 989 2070 fretus
999 2036 1006 2069 :
1018 2035 1080 2070 nam
1093 2029 1120 2070 et
1132 2037 1227 2071 socrus
1237 2020 1288 2072 ho-

216 2100 271 2148 etre
283 2096 342 2166 plus
356 2097 475 2165 emportd
487 2105 578 2146 contre
587 2114 639 2146 une
649 2113 727 2146 cour·
771 2114 831 2158 nas,
840 2107 866 2148 et
877 2096 1029 2148 meretrices
1042 2096 1145 2149 honesti
1160 2097 1292 2167 cupidas,

214 2175 297 2227 tisane
306 2193 358 2246 que
367 2173 392 2226 le
401 2179 464 2245 pere
474 2171 513 2224 du
522 2172 598 2224 mari.
610 2173 728 2225 Terence
770 2188 952 2244 preterquam
961 2175 1143 2245 pervulgatum
1152 2188 1202 2240 est,
1211 2177 1285 2228 facit:

216 2252 566 2323 connaissaitparfaitement
574 2252 599 2304 la
611 2263 728 2303 nature.»
770 2251 815 2310 sed
825 2264 897 2316 tauta
909 2253 1044 2324 vigilantia
1059 2272 1198 2307 causarum
1210 2268 1237 2308 et
1245 2275 1287 2308 ra-

252 2339 312 2402 774.
329 2337 406 2384 Dedo.
428 2333 460 2384 In
480 2342 554 2388 tuam
572 2343 727 2402 potestatem
770 2332 874 2382 tionum
892 2343 1026 2384 momenta
1043 2333 1196 2406 subjungit,
1217 2336 1288 2388 utel

215 2411 303 2466 trado.
317 2413 387 2465 Dlxit
397 2424 485 2470 autem
495 2409 623 2474 δεικτικῶς
633 2410 729 2463 deam·
771 2409 820 2460 soll
834 2410 928 2462 merito
944 2409 1083 2464 videantur
1092 2414 1181 2466 omnia
1195 2415 1285 2467 licere.

217 2495 302 2546 bubus
312 2491 413 2550 ancillis
423 2513 429 2554 ;
442 2491 565 2560 infreme.
576 2499 675 2560 794-
681 2497 730 2541 Per
771 2487 839 2539 Nam
846 2487 998 2543 hoccontra
1008 2489 1075 2542 illud
1083 2503 1130 2556 est,
1138 2493 1212 2563 quod
1222 2493 1287 2545 alibi

142 2592 148 2601 ·
217 2594 265 2636 me,
275 2573 302 2624 h.
315 2591 338 2624 e.
349 2591 390 2624 me
402 2570 578 2642 permittente.
585 2582 624 2610 ¹-
633 2573 729 2638 Ecqui·
771 2567 818 2629 ait,
831 2585 973 2629 commune
982 2571 1096 2641 essejam
1106 2571 1231 2624 omnihus
1241 2591 1287 2624 co-

217 2675 251 2704 rc.
262 2651 319 2704 Hoc
332 2650 367 2702 ad
376 2649 536 2724 Phidippum
545 2649 673 2721 loquitur,
682 2650 729 2722 qui
772 2645 847 2698 micis
860 2647 944 2705 bonas
958 2658 1097 2722 ¹matronas
1114 2649 1218 2725 facere,
1231 2671 1287 2703 rne-

215 2729 400 2803 jusjurandum
424 2729 543 2788 oblatum
567 2729 728 2800 repudiavit.
772 2725 880 2778 retrices
896 2743 960 2778 vero
973 2727 1087 2786 malas.»

177 2803 179 2808 ¹
216 2812 348 2862 Caeterum
366 2807 482 2866 dominis
498 2807 525 2858 in
546 2825 625 2860 causa
640 2827 687 2860 sua
698 2807 730 2870 li-
809 2805 870 2874 778.
880 2810 961 2856 Nostr.
971 2810 1028 2858 mul.
1038 2818 1162 2875 susp.etc.
1174 2807 1287 2864 Sensus:

216 2890 306 2948 cebet,
320 2887 353 2938 de
367 2885 450 2948 sertis
464 2885 636 2956 quaestionem
650 2885 730 2938 hahe—
774 2909 786 2927 κ
795 2881 850 2935 Nos
864 2883 996 2936 immerito
1012 2898 1143 2956 suspectas
1160 2887 1287 2940 habuisse

216 2986 254 3020 re.
274 2965 357 3017 Cicer.
369 2983 395 3034 p.
407 2966 480 3014 Rosc.
492 2965 551 3015 Am.
567 2966 609 3016 28.
624 2969 686 3015 Perl.
772 2961 896 3014 mulieres
909 2975 1018 3020 nostras.
1033 2987 1044 3009 ι
1065 2969 1139 3017 West.
1151 2995 1186 3005 —
1199 2971 1287 3034 Suspe-

256 3045 317 3116 775.
327 3043 417 3119 Vulgo
432 3041 556 3110 praemitt.
569 3045 642 3104 licet,
656 3041 729 3112 quod
773 3041 981 3105 ctas‚scilicctoh
990 3040 1288 3116 id‚quasin0venuptis

219 3143 284 3178 vero
297 3125 342 3174 Fa.
355 3131 481 3172 monente
490 3139 543 3172 non
555 3132 595 3172 est
608 3120 636 3186 iq
648 3121 666 3172 l.
682 3122 729 3177 Be.
772 3118 965 3190 impedimento
976 3131 1069 3174 essent.

217 3199 355 3258 necvict.
368 3214 396 3259 et
416 3217 522 3268 aversa
537 3199 680 3270 respuitur.
695 3230 731 3241 —
799 3214 869 3266 ,779.
890 3202 920 3248 In
934 3219 961 3249 re
978 3201 1041 3266 ipsa
1060 3199 1093 3248 In
1111 3198 1150 3250 rei
1164 3201 1286 3253 veritate.

220 3290 279 3334 Hac
289 3302 327 3332 res
339 3281 380 3331 hic
392 3293 435 3346 ag.
448 3297 529 3348 quam
540 3279 639 3330 scilicet
649 3279 731 3349 expli·
772 3305 807 3315 -
821 3281 906 3340 Porro,
919 3289 1020 3347 postea.
1036 3307 1070 3318 —
1080 3281 1151 3328 Hanc
1162 3289 1219 3347 exp.
1231 3279 1287 3332 Hu-

220 3375 262 3414 cat
275 3361 373 3420 statim,
387 3349 483 3423 oportet
493 3360 626 3424 mefucerc
636 3371 670 3424 ut,
681 3371 730 3411 etc.
770 3354 813 3424 jus
825 3355 975 3425 periculum
989 3356 1125 3412 faciamus.

197 3443 198 3447 ’
219 3473 255 3483 ,-
270 3427 406 3506 pamphilo
417 3441 518 3504 redeat,
538 3435 680 3496 reducatur
696 3437 731 3496 ad
809 3434 949 3506 780.Vulg.
960 3433 1142 3502 additurfalso
1149 3447 1210 3506 post
1217 3455 1289 3502 uror,

219 3509 399 3590 Pamphilum.
773 3511 846 3585 quod
862 3512 931 3566 delet
950 3513 994 3584 Be.
1012 3512 1228 3588 rectejudicans‚
1238 3513 1290 3566 cri·

256 3597 451 3668 776.Effecero.
476 3594 517 3648 Ita
534 3593 578 3646 Be.
604 3613 638 3666 εξ
657 3591 738 3652 ιηοινε4
773 3610 924 3664 menperse
934 3591 1034 3644 habere
1044 3593 1180 3644 notionem
1190 3593 1291 3646 falsita-

220 3679 329 3730 Terent.
341 3675 374 3726 In
392 3674 438 3724 lib.
452 3684 506 3724 ant.
521 3678 630 3744 perficio.
643 3675 691 3728 Do.
702 3675 729 3726 in
774 3671 818 3723 tis.
833 3672 867 3722 Et
884 3690 934 3742 ego
952 3672 1062 3742 opinor,
1068 3673 1143 3738 falso
1166 3673 1290 3743 superius

220 3755 279 3809 edd.
303 3764 365 3806 vett.
389 3751 445 3805 rid.
459 3752 593 3818 perfecero.
613 3783 647 3792 —
673 3758 731 3804 Non
777 3767 808 3801 ex
818 3762 895 3804 versu
908 3751 958 3820 778
971 3750 1025 3802 huc
1035 3750 1180 3810 aberrasse.
1194 3757 1292 3802 -Cri·

217 3855 283 3902 μανι.
297 3853 334 3884 me
340 3834 412 3898 saur.
424 3835 473 3888 Sol,
479 3830 584 3898 flevisse,
598 3841 648 3883 etc.
665 3829 730 3900 Sen-
777 3831 851 3890 mr'ni,
862 3829 952 3881 nescio
965 3829 1008 3880 cui
1021 3829 1094 3890 falsae
1103 3830 1274 3888 accusationi.

219 3932 264 3965 sus
274 3923 329 3974 est,
346 3910 471 3964 «famum
489 3919 514 3960 et
532 3908 730 3962 estimationem
812 3910 873 3976 78²·
887 3913 961 3973 Quod
967 3929 1021 3975 ρῳ.
1032 3929 1074 3960 na.
1082 3912 1155 3959 clato.
1168 3909 1207 3960 De
1217 3909 1292 3961 clan-

218 3991 338 4043 hancine
347 3987 513 4056 acquisivisse
522 4007 575 4039 non
585 3987 730 4058 poenitebit,
775 3985 877 4038 destino
892 3999 1010 4048 tantum,
1024 3986 1069 4038 sed
1086 3987 1120 4038 de
1140 3987 1293 4041 adulterino

216 4067 326 4130 scilieet,
338 4065 423 4118 solam
431 4064 487 4117 siue
497 4067 621 4138 exemplo
630 4065 729 4128 fecisse,
776 4079 853 4138 partu
867 4068 975 4121 omnino
989 4070 1056 4123 nihil
1078 4070 1229 4142 suspicatur
1241 4089 1293 4141 pa·
