2834 4788
257 381 304 451 70
473 353 657 424 runnu
683 299 941 421 rsunurr'r
969 351 1087 422 trnr

254 487 369 558 Alieno
386 513 393 556 :
409 469 504 582 paler
523 487 550 556 is
567 486 649 554 nihil
670 485 806 580 pendit:
828 486 882 554 hei
897 481 997 554 mihi!

252 596 390 690 Utinam
409 593 465 662 hic
486 616 592 687 prope
612 592 741 662 adesset
762 591 900 670 alicubi,
918 605 1016 684 atque
1034 591 1163 660 audiret
1174 593 1255 662 haee.

233 747 236 752 -
254 695 428 770 Heeetisi
438 699 640 792 facientque
650 697 723 768 illos
733 721 862 792 aequurn
875 700 932 784 ’st,
944 693 1034 766 haud
1044 699 1090 766 sie
1102 695 1263 768 auferent.
1281 719 1319 766 ns

150 872 155 881 ,
253 807 338 875 Ger.
353 809 393 874 In
408 819 440 874 te
459 828 533 899 spes
549 806 675 890 omnis,
697 806 821 898 Hegio,
841 804 936 874 nobis
950 803 1011 872 sita
1031 817 1089 872 est.

253 914 300 978 Te
317 911 423 979 solnm
444 911 604 980 habemus
617 935 626 996 3
640 925 677 979 tn
692 935 726 980 es
746 925 923 1004 patronus,
946 923 983 977 tu
1002 909 1130 1003 parens.

252 1015 312 1084 llle
328 1017 388 1086 tibi
409 1018 553 1086 moriens
571 1041 632 1086 nos
648 1015 894 1086 commendavit
915 1038 1025 1083 senex.
1066 1093 1071 1110 ,

253 1123 288 1190 Si
302 1121 423 1191 deseris
438 1137 493 1210 tu,
513 1125 671 1217 perimus.
693 1127 782 1192 ΗΕΘ.
801 1124 892 1190 Cave
910 1120 1053 1190 dixeris:

253 1227 369 1322 Neque
388 1228 520 1313 faciam,
534 1251 640 1321 neque
653 1253 707 1296 me
724 1229 801 1297 satis
821 1228 874 1320 pie
892 1249 988 1320 posse
1000 1225 1151 1294 arbitror.
1279 1255 1321 1298 te.

254 1335 320 1402 Du·
336 1333 463 1402 Adibo:
481 1332 607 1402 salvere
622 1335 807 1428 Hegionem
818 1333 997 1426 plurimum
1075 1332 1077 1338 ’
1235 1340 1239 1346 ’

253 1439 370 1508 Jubeo.
392 1439 484 1508 lire.
503 1440 577 1523 Oh,
593 1454 626 1508 te
648 1439 834 1534 quaerebam
855 1440 963 1532 ipsum
988 1463 995 1504 :
1019 1433 1123 1522 salve,
1141 1437 1280 1508 Demea.
1310 1479 1312 1484 ·

252 1546 318 1614 Du.
343 1544 433 1634 Quid
452 1543 582 1636 autem?
596 1549 687 1615 Hne.
707 1545 818 1638 Major
833 1543 919 1613 filius
936 1562 1012 1612 tuus
1029 1543 1218 1632 AEscbinus‚
1299 1598 1302 1602 ,

254 1651 363 1738 Quem
383 1650 476 1720 fratri
498 1651 723 1746 adoptandum
746 1649 881 1736 dedisti,
905 1674 1012 1743 neque
1028 1649 1123 1736 boni,

253 1755 369 1851 Neque
384 1755 526 1827 liberalis
544 1757 677 1826 functus
699 1757 849 1827 officium
867 1771 917 1826 est
934 1757 1007 1824 viri.
1281 1781 1323 1828 tes

256 1972 298 2020 vit.
312 1970 352 2020 De
363 1967 527 2021 citharistria
540 1969 619 2040 hujus
631 1970 761 2041 raptione.
846 1967 911 2032 458.
922 1968 975 2020 Ille.
986 1967 1072 2022 Senex
1080 1980 1156 2040 pater
1166 1969 1324 2039 Pamphilae,

296 2046 362 2110 453.
379 2049 456 2099 Pater
470 2049 491 2098 is
504 2047 566 2099 attii
580 2047 672 2118 pendit.
690 2047 761 2119 Guy.
808 2045 933 2102 Simulus.
1167 2046 1172 2054 ’
1241 2049 1243 2053 ’

254 2139 326 2196 pater
343 2127 371 2178 id
380 2126 449 2178 nihili
456 2126 548 2196 pendit.
564 2157 604 2167 -
621 2128 663 2180 ltu·
676 2128 763 2180 alieno.
849 2127 914 2194 459.
933 2125 962 2178 St
977 2127 1063 2178 desero
1080 2137 1116 2180 tu.
1133 2127 1183 2180 Ms.
1200 2129 1322 2199 Traject.
1389 2125 1396 2138 '

257 2205 316 2268 llll,
329 2205 376 2276 qui
387 2207 541 2258 tamennon
550 2217 589 2258 est
599 2206 766 2278 propinquus
808 2223 851 2278 ap.
861 2207 950 2262 West.
964 2205 1123 2258 noa-Cave
1134 2207 1241 2258 dixeris:
1253 2207 1323 2280 Neq.

143 2281 145 2290 ¹
257 2283 498 2355 genere—Pater
509 2287 537 2336 ts.
551 2283 651 2348 Micio,
667 2285 716 2356 qui
731 2283 765 2338 il·
801 2277 861 2342 fae.
880 2286 947 2337 Vult
968 2285 1053 2356 Hegio
1073 2285 1168 2338 Getam
1191 2289 1323 2357 εὐφημεῖν,

257 2363 313 2416 lum
325 2361 468 2434 adoptarit.
629 2378 632 2383 ·
807 2381 897 2435 neque
905 2363 947 2416 uti
956 2379 1020 2417 voo'e
1030 2363 1130 2430 deseris,
1141 2376 1234 2436 utpote
1243 2367 1323 2418 melae
1410 2375 1411 2416 l

299 2444 365 2508 454.
383 2443 462 2514 Prope
479 2445 551 2496 abest
564 2462 580 2496 a
599 2439 689 2496 Bothii
708 2441 764 2496 edi·
808 2456 877 2496 notae
888 2455 915 2495 et
925 2444 1031 2497 ominis:
1045 2441 1125 2498 Unde
1138 2443 1194 2516 ipse
1208 2445 1326 2498 abstinet
1410 2471 1411 2474 ¹

257 2521 338 2576 tione.
348 2555 388 2566 —
398 2523 456 2575 Hie.
471 2521 545 2574 Idem
558 2523 649 2576 Micio.
660 2555 699 2564 -
711 2523 765 2576 Au·
809 2519 912 2588 dicere,
927 2549 938 2570 α
948 2539 1003 2576 non
1016 2519 1149 2590 (itteram,
1161 2550 1172 2571 »
1187 2523 1233 2578 sed
1242 2521 1323 2583 dicit,

214 2612 221 2636 t
258 2598 320 2654 diret
332 2601 392 2656 lroee.
406 2603 472 2668 Qum
486 2601 571 2673 Hegio
586 2602 714 2674 loquitur.
809 2623 862 2674 neq.
869 2605 971 2670 saetam.
983 2601 1075 2656 Portet.

298 2680 365 2742 455.
383 2681 440 2735 Nisi
450 2682 553 2760 sitalem.
570 2683 652 2753 Eugr.
673 2679 707 2736 Ni
718 2681 765 2746 sd·
851 2685 913 2746 460.
929 2677 995 2734 Satis
1007 2687 1056 2753 pie.
1073 2679 1126 2735 Pro
1142 2681 1258 2754 simplici
1268 2688 1326 2754 pie.

260 2764 334 2814 ciant.
347 2761 474 2828 Auserem.
488 2761 578 2814 Guelf.
592 2778 622 2827 a,
636 2761 765 2826 autfertum.
810 2793 850 2804 -
864 2763 947 2816 Posse.
962 2761 1025 2815 Sub.
1043 2760 1072 2814 id
1087 2761 1187 2824 fauere,
1202 2781 1250 2815 voe
1273 2761 1324 2816 de·
1410 2789 1411 2822 t

263 2839 308 2892 Br.
327 2837 491 2904 ‹afferena-
504 2840 670 2904 Ntstfaoient.
685 2839 766 2894 Intel-
810 2857 906 2894 serere.
928 2874 966 2883 -
986 2843 1057 2893 Bene
1077 2841 1200 2912 congruit
1217 2843 1245 2894 τὸ
1264 2847 1325 2914 pie,
1410 2839 1411 2906 l

260 2919 331 2988 lige,
351 2917 512 2982 AEsehinus,
531 2917 614 2970 Micio
634 2929 660 2969 et
681 2921 768 2972 omnis
811 2937 872 2972 eum
888 2919 976 2972 verbis
993 2919 1084 2984 oete,
1101 2933 1239 2992 parentem
1259 2935 1324 2974 eum

261 2997 368 3050 familia.
387 3027 427 3038 —-
448 2997 511 3065 Quce
531 2997 585 3048 ittet
607 3015 699 3068 equum
723 3011 765 3052 est.
809 2999 1034 3068 vocantis;pietat
1047 2999 1120 3054 enim
1133 3003 1327 3070 tumapueris
1410 3005 1411 3068 l

261 3077 325 3130 Sub.
348 3075 434 3130 faeere
454 3073 488 3127 ad
507 3073 681 3147 reparandam
697 3076 766 3148 inju·
812 3075 997 3148 adparentes,
1016 3089 1073 3131 tum
1090 3079 1272 3152 aparentibus
1289 3081 1326 3136 ad
1410 3069 1411 3104 t

261 3157 337 3209 riam.
357 3188 397 3198 -
416 3155 495 3208 Haud
512 3157 547 3208 sie
566 3156 683 3221 auferent.
705 3155 766 3210 Nou
808 3171 906 3230 pueros
935 3156 1064 3212 defertur.
1091 3158 1175 3230 Hegio
1196 3172 1326 3214 caeterum
1410 3149 1411 3216 l

262 3235 415 3288 subtrahent
435 3236 559 3306 eulpam,
582 3255 638 3288 non
656 3235 696 3288 'sie
716 3235 766 3288 im·
810 3227 912 3307 optime
922 3233 1060 3290 confirmat
1074 3235 1189 3309 elogium
1203 3239 1278 3311 quod
1290 3240 1327 3293 de
1410 3221 1411 3310 l

259 3333 330 3385 puue
343 3315 486 3368 habebunt.
809 3316 867 3387 ipso
879 3317 973 3370 habuit
985 3320 1099 3382 Demea,
1112 3337 1181 3372 soen.
1193 3333 1275 3390 praec.

303 3391 770 3466 didNobiusmtratae,Pamphilu,
815 3419 817 3422 ·
857 3393 1328 3482 461.Adit0.1{rodittuneinsce-

261 3485 287 3524 et
297 3475 414 3544 ipsarum
424 3474 513 3526 servis.
813 3491 874 3528 nam
889 3477 994 3529 Demea.

304 3553 368 3624 457.
386 3553 425 3608 Tu
433 3573 530 3624 parens.
542 3553 595 3604 Alii
610 3566 636 3606 tu
649 3567 674 3605 es
684 3563 769 3625 puter,
855 3557 921 3618 tos.
939 3555 997 3620 Oh,
1013 3551 1086 3608 abest
1100 3575 1113 3608 a
1129 3555 1228 3628 plurib.
1243 3556 1327 3611 editt.

262 3645 322 3698 ant,
337 3645 362 3685 tu
370 3645 449 3704 pater.
462 3665 501 3676 --
514 3633 553 3686 Tu
563 3653 587 3684 es
594 3646 727 3705 patronus,
743 3643 769 3686 'tu
843 3635 919 3713 Ι463.
942 3632 1011 3706 Quid
1022 3643 1119 3688 autem?
1139 3637 1182 3688 Ob
1197 3635 1264 3708 quid
1279 3657 1329 3692 me

253 3733 355 3782 ‚parens
378 3695 449 3765 dene
464 3711 508 3764 hie
523 3711 568 3764 illa
582 3713 665 3784 elogia
679 3713 713 3766 ad
726 3731 769 3765 or·
811 3713 968 3786 querebas?

206 3851 211 3862 .
262 3791 370 3846 bitatem
378 3805 406 3844 et
418 3787 598 3844 conditionem
611 3791 768 3844 muliebrem
853 3799 919 3858 464.
937 3793 1042 3846 Dedistt.
1059 3791 1136 3866 Legit
1146 3795 1224 3847 Both.
1247 3797 1329 3850 abde-

262 3873 373 3937 retulit:
392 3882 423 3924 ut
439 3867 516 3924 matri
535 3881 693 3942 patronum,
705 3869 766 3924 filiee
807 3871 878 3942 ¹disti.
892 3869 1013 3926 -Βοηί,
1025 3873 1116 3928 Probi.
1266 3866 1270 3874 ⁸

262 3961 379 4018 petrem,
394 3949 448 4002 imo
459 3946 550 4010 domui
563 3950 613 4003 toti
626 3963 766 4021 patronum
852 3953 918 4017 465.
939 3952 1061 4021 Officium.
1075 3954 1125 4007 Ms.
1135 3955 1215 4025 Paris.
1231 3956 1329 4026 officio.

262 4039 287 4080 et
296 4025 502 4098 patremfamilire
512 4031 660 4102 assignaret.
666 4029 765 4084 Biecter.
810 4065 845 4074 —-
858 4033 985 4086 Liberalis.
996 4025 1117 4104 ingenui.
