2812 4788
370 379 865 465 sustentantes.
891 329 962 446 1i1.
1137 371 1203 445 105

136 508 425 583 Nostin’maaam
432 513 532 584 scibo.
541 514 715 602 SamQuid
721 509 877 608 agistquo
883 511 1134 582 abileuMitte
1140 533 1202 578 me.

136 622 217 688 Sira.
235 617 315 690 Noli
328 619 473 713 inquam.
487 622 554 688 Dc.
567 622 645 691 Non
657 643 793 688 manum
807 619 964 708 abstines,
975 608 1150 711 mastigia?
1163 638 1203 694 ⁷⁸⁵

136 727 191 794 An
204 723 264 792 tibi
278 725 348 818 jam
362 725 466 794 mavis
480 725 653 796 cerebrum
668 727 855 820 dispergam
868 716 949 792 hic?
965 725 1044 794 Suu.
1059 722 1149 792 Abit.
1245 803 1250 820 .

135 828 277 924 AEdepol
299 832 543 900 comissatorem
562 831 652 900 haud
670 856 747 901 sane
761 829 991 914 commodum,

137 936 324 1005 Praesertim
338 936 543 1030 Ctesiphoni.
561 936 653 1026 Quid
664 962 727 1033 ego
744 959 834 1004 nunc
851 928 974 1030 agam?

136 1040 211 1110 Nisi
228 1041 310 1110 dum
331 1041 383 1111 bae
405 1041 562 1112 silescunt
582 1043 703 1129 turbae,
717 1043 843 1111 interea
859 1042 894 1109 in
914 1038 1071 1134 angulum

135 1145 258 1241 Aliquo
276 1147 410 1232 abeam,
426 1162 525 1242 atque
538 1148 757 1218 edormiscam
774 1149 840 1216 hoc
854 1144 942 1214 villi:
955 1147 1001 1216 sic
1016 1169 1121 1240 agam.
1164 1185 1203 1226 ,ῳ

421 1345 635 1434 sonus
669 1345 932 1431 Tauris.
1030 1443 1033 1450 ,

424 1555 636 1631 'Mlclo
682 1563 884 1631 DEMEA.

134 1750 219 1818 Mic.
235 1750 355 1816 Parata
373 1771 393 1816 a
411 1747 507 1818 nobis
525 1762 621 1834 sunt,
639 1747 686 1816 ita
704 1761 741 1815 ut
760 1745 845 1835 dixi,
860 1749 1025 1834 Sostrata,

135 1853 206 1924 Ubi
222 1855 283 1922 vis.
299 1853 462 1942 Quisnam
480 1878 500 1922 a
517 1855 573 1922 me
589 1851 719 1948 pepulit
735 1867 803 1921 tam
818 1855 964 1948 graviter
980 1854 1096 1924 fores?

134 1961 202 2029 Dr..
217 1960 280 2028 Hei
291 1955 388 2028 mihi!
402 1959 483 2124 qpid
499 1955 640 2030 faciam?
651 1957 731 2052 quid
745 1952 866 2054 agam?
878 1960 959 2056 quid
973 1958 1134 2031 clamem?
1144 1977 1202 2032 aut

290 2088 411 2159 querar

133 2238 190 2281 tate
203 2226 311 2298 quidem
330 2226 497 2281 fallaciarum
513 2227 647 2281 oblivisci·
691 2247 741 2299 pro
757 2230 850 2280 doe.,-
863 2234 927 2280 Dum
943 2232 1202 2282 toesiteseuneturaae.
1295 2241 1297 2252 ·

134 2320 187 2370 tur,
200 2319 229 2360 ut
243 2325 385 2378 agnoscere
399 2317 445 2359 est.
691 2309 782 2362 Donec
795 2307 880 2360 turbas
899 2325 957 2379 qua
974 2320 1074 2380 patrem
1093 2309 1162 2362 iuter
1176 2320 1203 2363 et

170 2385 230 2456 784.
254 2393 312 2438 Iam
339 2389 421 2450 scibo,
442 2384 503 2457 quis
520 2385 563 2438 sit.
582 2386 646 2440 Haee
690 2385 776 2440 lilium
793 2385 912 2439 orientur
929 2386 1025 2442 sedatae
1041 2387 1147 2441 luerint.

133 2483 197 2518 cum
208 2465 348 2518 stomacho
361 2464 428 2518 dicit
440 2465 554 2528 Demea,
567 2464 646 2518 simul
726 2484 787 2534 790·
804 2471 856 2518 Hoc
876 2467 938 2518 villi.
960 2467 1022 2518 Mas.
1045 2465 1155 2538 quidam
1176 2478 1203 2519 et

133 2546 162 2597 iu
173 2544 243 2597 aedes
256 2543 380 2597 Miciouis
394 2543 588 2616 introrumpere
598 2563 646 2616 pa·
690 2542 773 2608 editi,
786 2548 833 2596 hoc
847 2547 911 2596 vini.
930 2573 961 2584 -
975 2548 1144 2597 Edonuisoam
1157 2549 1204 2598 hoe

132 2641 205 2676 rans.
222 2628 298 2678 West.
311 2653 348 2664 -·
358 2621 428 2675 San.
447 2624 513 2691 Quid
522 2625 599 2691 agis?
612 2623 646 2674 Et
689 2625 760 2686 villi,
768 2620 915 2692 decoquam
926 2620 978 2674 boc
988 2622 1091 2676 vinum.
1104 2624 1139 2676 Et
1148 2626 1205 2676 vitta·

133 2702 214 2755 simul
225 2702 324 2754 retinet
335 2717 406 2754 eum.
690 2699 811 2752 diminut.
821 2702 945 2770 provini.
963 2729 998 2739 -
1015 2702 1054 2752 ate
1067 2720 1150 2768 agam
1161 2703 1202 2754 Ita

170 2781 230 2850 785.
248 2785 306 2831 Non
324 2778 597 2851 man.abst.1njeoit‚
615 2791 647 2832 ut
689 2777 776 2830 solent
795 2790 857 2849 post
881 2776 1102 2832 deliberationem
1123 2779 1151 2832 iu
1173 2798 1203 2834 re

131 2859 258 2924 videtur,
268 2877 380 2912 manum
394 2858 487 2931 Syrus.
504 2888 539 2898 -
555 2862 646 2910 Masti-
690 2858 780 2929 grad,
796 2856 872 2929 quod
891 2857 977 2910 facere
994 2867 1096 2911 certum
1109 2859 1144 2912 sit
1155 2871 1204 2914 sta·

129 2943 186 3008 gia.
206 2938 256 2992 Gr.
275 2939 407 3010 μαςιγίις,
423 2936 541 3002 scilicet,
556 2948 586 2990 tu
599 2936 646 2990 fla·
690 2949 805 2990 tuentes.

131 3019 208 3090 gellis
225 3017 331 3089 diguus.
724 3015 766 3068 Se.
779 3015 834 3070 ΙΙΙ.
845 3013 979 3087 Bipontini
991 3015 1101 3080 abhinc,
1117 3016 1203 3070 nesci·

168 3099 230 3169 786.
250 3099 406 3164 Dispergam.
429 3095 492 3148 Mas.
514 3095 582 3148 Pall.
605 3097 645 3146 di·
689 3114 750 3169 mus
764 3114 817 3166 qua
829 3094 932 3146 ratione
943 3093 1061 3158 inducti,
1071 3113 1133 3148 cum
1147 3097 1202 3150 Da·

131 3179 223 3246 sper-gi.
243 3206 280 3218 -
301 3181 342 3226 An
360 3178 401 3226 tib.
425 3177 501 3228 mavis
523 3179 645 3226 cerebrum
689 3175 770 3228 cieris
786 3185 874 3227 actum
888 3172 1009 3244 quintum
1020 3171 1204 3226 ordiuntur.-

131 3261 196 3326 disp.
209 3259 256 3308 lu'c.
270 3254 309 3307 Ut
320 3265 443 3325 apparet,
458 3255 553 3307 baculo
564 3253 646 3306 mina·
689 3261 741 3307 Ita.
756 3253 797 3304 Al.
811 3253 875 3304 libb.
889 3269 945 3302 non
966 3250 1101 3303 exhibent.
1120 3281 1155 3292 -
1171 3253 1204 3304 In

131 3347 184 3388 tur.
197 3365 233 3376 -
246 3337 314 3390 Abit.
327 3333 409 3389 Tristi
420 3334 498 3387 vultu
510 3346 536 3387 et
550 3334 643 3405 despe-
688 3331 741 3386 hac
752 3349 832 3386 scena
844 3329 951 3384 collatio
961 3339 1000 3380 est
1015 3347 1203 3400 personarum,

129 3415 203 3468 rand
214 3413 426 3486 pronuntiatum.
689 3411 760 3465 mitis
773 3410 891 3483 parentis
910 3427 942 3461 ac
953 3407 1045 3460 severi.

168 3497 229 3565 787.
239 3497 432 3546 comissatorem.
442 3493 472 3546 C.
480 3492 512 3546 G.
520 3512 557 3546 m.
565 3492 644 3547 scrib.
726 3509 786 3561 791·
799 3497 894 3542 Parata
908 3508 925 3538 a
935 3490 1017 3549 nobis,
1025 3497 1077 3540 etc:
1085 3485 1147 3540 Haec
1156 3486 1204 3539 Mi-

130 3587 355 3627 commessatorem.
369 3571 440 3646 Guy.
453 3572 511 3627 vult
523 3573 646 3625 nomina·
691 3571 733 3624 oio
750 3569 784 3622 ad
799 3571 942 3624 Sostratam
956 3567 1029 3620 intus
1047 3576 1204 3620 manentem.

131 3653 218 3706 tivum
228 3667 387 3711 comessator,
402 3683 437 3692 —-
454 3655 645 3704 Comissatorem.
690 3651 724 3702 Et
733 3650 760 3700 τὸ
767 3644 977 3717 parata,alludit
987 3644 1021 3697 ad
1032 3663 1071 3698 vs.
1081 3663 1133 3714 710
1142 3663 1203 3716 sup.

131 3733 288 3786 Convivam.
298 3732 333 3786 Et
343 3731 457 3784 subaudi
467 3736 648 3783 soce-Haud
726 3740 788 3798 792.
807 3728 853 3778 Ubi
864 3728 904 3778 vis
915 3761 922 3787 ,
937 3724 997 3776 sub.
1012 3723 1077 3775 fient
1087 3723 1204 3793 nuptiae,

130 3816 497 3883 sanscommodum‚perquam
503 3811 644 3880 ingratum.
691 3820 737 3862 aut
744 3805 841 3862 adduci
849 3803 945 3867 lilium,
957 3803 998 3856 vel
1008 3802 1059 3854 tale
1066 3801 1203 3874 quiddam.

171 3890 231 3959 788.
247 3897 357 3943 Proesert.
373 3892 518 3956 Ctesr'plroni.
528 3889 587 3940 Duo
599 3889 646 3942 soi·
689 3895 758 3940 -A
777 3885 856 3939 mall
878 3883 958 3936 domo
972 3899 1041 3934 mett.
1060 3912 1096 3922 --
1117 3887 1203 3945 Fores,

131 3969 198 4021 licet
211 3969 304 4022 fratres
317 3981 380 4023 sunt
393 3971 473 4023 intus.
689 3985 771 4022 meas.
967 4009 969 4014 .

169 4049 232 4118 789.
243 4053 289 4099 11oe
306 4053 385 4100 silem.
404 4052 489 4100 mrboe.
501 4047 578 4100 Both.
592 4050 645 4100 hac
726 4045 786 4116 793.
802 4043 868 4108 Quid
877 4038 1048 4109 agamenes
1065 4040 1163 4096 absum
1171 4041 1205 4095 ab
