2812 4788
147 315 151 326 ·
225 349 229 362 .
318 304 540 378 nncrnl.
568 305 676 376 lor.
706 305 736 392 t,
761 307 829 378 so.
856 309 908 380 11.
1087 311 1151 399 143

92 438 168 505 AEtas
186 452 218 506 et
236 437 345 508 forma
363 453 431 523 est,
452 454 510 508 aut
532 439 591 508 tibi
612 439 685 512 heec
703 441 884 512 sententia?
1127 463 1152 514 ⁷⁵

301 619 541 767 *senon
574 677 890 768 SECUNDA.
993 733 995 738 ·

282 873 527 980 PARMENO.
556 909 778 978 Pntnorls.
806 911 934 981 srnr.

94 1101 166 1172 tn.
186 1103 293 1171 Senex
311 1105 338 1172 si
356 1117 482 1197 quaeret
503 1129 575 1192 me,
599 1103 702 1172 modo
716 1104 779 1172 isse
796 1103 898 1174 dicito

93 1209 135 1276 ld
151 1225 302 1303 portum,
320 1223 554 1304 percontatum
571 1205 752 1280 adventum
771 1207 944 1308 Pamphili.

92 1316 214 1402 Audin,
231 1316 312 1410 quid
330 1316 459 1406 dicam.
479 1315 609 1386 Scirte?
627 1318 654 1386 si
673 1331 799 1412 qureret
813 1343 885 1405 me,
905 1321 954 1388 uti

92 1425 167 1490 Tum
183 1423 288 1510 dioes3
310 1424 337 1491 si
358 1447 427 1492 non
449 1437 591 1519 queret,
607 1423 717 1495 nullus
734 1424 871 1513 dixeris,

95 1527 169 1598 Alias
182 1543 218 1598 ut
235 1530 285 1598 uti
303 1532 428 1624 possim
451 1553 551 1600 causa
571 1531 636 1601 hec
657 1533 796 1624 integra.
1128 1560 1153 1598 s.

92 1767 250 1829 nonpoterat
264 1757 299 1812 de
312 1777 406 1830 nupera
424 1779 471 1814 ene
485 1777 594 1833 pertua·
638 1757 723 1812 renda
732 1768 822 1810 monet
832 1757 930 1812 Donat.
944 1757 997 1812 hoo
1009 1759 1078 1814 enim
1091 1760 1155 1816 desi·

93 1836 146 1890 dere
153 1839 289 1892 sententie.
300 1870 334 1880 ·-
346 1843 395 1892 Cur
405 1861 455 1892 non
465 1843 594 1906 antistare,
639 1835 735 1891 derant
743 1837 825 1909 hujus
834 1835 909 1890 modi
922 1840 1013 1904 verba,
1025 1855 1119 1913 utpote
1129 1855 1156 1897 et

93 1927 136 1968 etc.
147 1917 207 1972 Haeo
216 1917 335 1972 imitatus
345 1919 450 1974 videtur
460 1919 596 1987 Horatius,
639 1917 710 1970 servi
722 1930 748 1970 et
762 1915 920 1970 festinantis.

93 1995 192 2060 0d.IV,
206 2017 252 2066 rx,
263 2018 289 2070 7,
306 2000 342 2052 8:
357 2025 370 2046 a
380 2001 447 2066 Quae
467 2018 542 2052 mene
556 2011 595 2053 ert
675 2015 719 2068 77.
733 1999 776 2048 Ad
781 2011 898 2065 portum,
910 1995 1092 2050 Piraeum-
1101 2006 1155 2053 Ad-

93 2077 172 2140 hodie,
189 2098 236 2132 cur
251 2077 347 2133 eedem
359 2099 415 2132 non
432 2099 516 2152 puero
527 2079 597 2132 fuit?
639 2091 744 2138 vennam,
754 2074 876 2128 reditum.
890 2075 932 2128 Cf.
942 2095 981 2130 ve.
996 2078 1053 2147 173.
1063 2080 1158 2135 Redie-

94 2157 139 2208 Vel
149 2177 195 2211 our
206 2159 249 2211 hie
266 2159 362 2212 animis
377 2160 524 2212 incolumes
540 2178 595 2212 non
639 2155 755 2209 ratenim
763 2155 917 2227 Pamphilus
923 2157 1055 2210 ablmbro
1061 2159 1158 2224 naula,

94 2236 195 2290 redeunt
208 2239 301 2310 genae?
311 2266 324 2286 ω
333 2239 528 2292 Putet-Mire
539 2221 595 2304 hii,
639 2255 694 2307 quo
707 2235 802 2290 missus
820 2237 907 2288 fueret
923 2255 938 2288 a
951 2249 1027 2308 petre
1037 2275 1045 2302 ,
1057 2239 1091 2292 ed
1100 2240 1156 2295 hae·

96 2327 121 2366 ut
132 2317 311 2370 animadvertit
323 2321 453 2384 Donatus,
464 2338 480 2372 e
491 2331 596 2384 contra·
638 2315 777 2370 reditatetn
788 2315 892 2387 cognati
905 2315 1056 2386 petendam.

95 2393 134 2446 rio'
146 2387 283 2469 descripto¹
293 2397 496 2452 estdeformitas
510 2399 596 2466 lenoe,
676 2397 720 2465 78.
733 2399 818 2447 Scine.
836 2395 936 2467 Guyet.
956 2400 1066 2462 Scynkn
1080 2402 1157 2468 queri

96 2485 117 2525 et
123 2475 229 2529 formem
238 2489 266 2530 et
274 2477 440 2530 voluntatem
446 2479 545 2534 malam
555 2497 597 2549 ge·
639 2474 744 2528 duxerit
754 2494 770 2528 a
780 2476 884 2544 σκΰρθος.
892 2476 935 2528 ΑΙ.
943 2480 1011 2541 Syre.
1026 2481 1055 2528 C.
1070 2465 1104 2528 G.
1116 2497 1152 2533 m.

96 2555 175 2609 rentie.
640 2560 713 2620 Syra.
735 2583 772 2596 -··
795 2557 892 2606 Audin'
911 2559 974 2622 quid
989 2559 1091 2608 dicam?
1104 2560 1157 2614 Vel

125 2634 209 2688 solt.
231 2641 299 2690 Dure
316 2638 477 2708 conjecture
497 2637 598 2689 suntin
640 2635 930 2700 sentisnefintelligisne?
941 2634 985 2686 vel
996 2637 1157 2690 cuivortisnee²

97 2712 243 2768 haoscena:
262 2735 298 2770 en
308 2735 369 2770 vere
380 2716 435 2770 sint
443 2716 561 2786 nuptie,
572 2728 599 2768 et
640 2743 676 2756 ·-
688 2717 728 2764 Uti
743 2719 802 2764 Τιιηι
816 2715 895 2763 dicas.
912 2711 945 2765 Id
959 2713 1073 2779 scilicet,
1082 2717 1157 2788 qnod

97 2795 273 2850 inverisimile
286 2795 320 2850 eit
333 2795 467 2855 abstinere
478 2794 599 2866 potuisse
641 2791 723 2846 modo
737 2791 925 2867 ,mandaverat
941 2823 977 2832 -
992 2797 1046 2861 Uti,
1056 2815 1107 2868 pro
1119 2813 1157 2852 ut.

97 2870 278 2926 adolescentem
289 2892 305 2927 a
315 2873 417 2946 virgine
425 2873 475 2926 sibi
484 2885 599 2946 nuptum
641 2871 814 2941 Plenius,fac
823 2885 861 2934 ut,
871 2891 958 2924 moneo
967 2886 1001 2935 nt,
1015 2885 1041 2927 et
1050 2879 1158 2950 supple,

25 2991 26 2996 ,
98 2949 269 3004 traditn.Don.
642 2970 714 3006 mon.
724 2964 756 3004 ut
768 2963 825 3004 tum
835 2949 910 3006 dione
923 2971 967 3006 me
984 2953 1036 3008 irre
1048 2953 1083 3009 ad
1097 2975 1159 3030 por·

25 3089 26 3092 ¹
126 3033 166 3098 76.
178 3033 205 3081 Si
215 3045 319 3100 quoeret.
335 3031 399 3086 Mes.
416 3051 509 3084 omnes
528 3031 600 3102 apud
641 3045 711 3088 tum.

25 3149 26 3152 ,
98 3105 194 3162 Boeoto
201 3126 304 3178 quaerat.
313 3113 503 3166 -Pnnttrtno
511 3113 601 3166 Verba
679 3132 724 3186 79.
737 3119 824 3168 Nullus
835 3117 938 3177 dixeris,
951 3134 1013 3184 pro,
1024 3135 1073 3167 non
1084 3119 1157 3170 dixe·

98 3190 309 3258 servusfaoit,in
325 3210 433 3246 scenam
446 3190 480 3246 de
493 3211 600 3264 prosce·
644 3197 689 3261 ris,
703 3195 802 3246 minime
816 3195 922 3245 dixeris.
932 3193 970 3245 Ut
983 3193 1052 3246 And.
1066 3195 1162 3250 «Libe
1207 3232 1210 3237 -

100 3267 137 3320 nio
146 3273 294 3343 respiciens,
301 3283 327 3331 et
333 3271 465 3326 allocutus
471 3272 601 3336 scirtum,
643 3284 717 3326 ratus
728 3290 786 3324 sum
795 3311 803 3337 ,
813 3270 905 3334 Dave,
919 3271 1001 3324 hodie
1014 3283 1058 3326 tue
1069 3291 1160 3344 opere.

102 3365 233 3417 personam.
245 3363 357 3406 mutem.
380 3382 415 3394 -
432 3357 530 3412 Senon,
549 3353 601 3404 La·
644 3355 680 3406 At
690 3357 772 3404 nultus
784 3350 926 3424 quidem.»
939 3350 971 3404 Id
982 3364 1036 3419 eet,
1050 3355 1161 3410 minime

102 3426 167 3493 cher,
177 3431 306 3503 Pamphili
313 3443 397 3504 pater.
404 3431 491 3502 Magis
498 3449 602 3504 expres·
645 3450 721 3487 vero.
731 3437 798 3484 Mer.
807 3431 911 3486 casaub.

25 3559 27 3568 ‚
103 3505 129 3557 sit
137 3510 350 3564 consuetudinem
365 3510 449 3577 nervi,
461 3510 553 3565 dicens
564 3531 602 3563 se·
682 3513 724 3564 80.
736 3513 808 3562 Alias
821 3525 847 3560 ut
856 3509 988 3563 antbert
1002 3525 1054 3564 uta
1068 3511 1158 3568 Guelf.

25 3599 27 3660 i
105 3602 247 3661 neoe,quam
262 3594 375 3642 dominus
391 3593 479 3659 major.
488 3593 602 3644 Don-
647 3592 675 3645 3.·
688 3621 723 3632 -
738 3589 876 3658 A1ias,in
900 3590 953 3642 alio
976 3601 1161 3663 tempore.—

25 3701 27 3738 t
108 3668 171 3716 Modo
185 3671 230 3721 isse
245 3673 329 3722 dicito.
342 3670 554 3724 Exenndicause
568 3668 603 3722 de
647 3673 807 3736 causabar,
820 3670 1106 3742 opopeioet‚praetextu.
1124 3705 1160 3716 -
1219 3691 1229 3702 ·

25 3739 27 3780 ἶ
107 3759 244 3812 argumento
258 3747 378 3802 sumitur.
393 3749 464 3814 Quin
480 3749 603 3821 Pamphi·
646 3757 757 3818 Integra,
768 3765 823 3802 non
832 3750 906 3821 prius
920 3748 998 3814 dicta,
1009 3769 1101 3804 recens
1114 3753 1160 3808 ed·

108 3819 536 3900 lneabsensestetexepecteturin
545 3827 603 3884 dies
647 3831 742 3884 hibita.
761 3861 797 3871 -
822 3837 948 3898 Integrum
972 3841 998 3882 et
1017 3835 1044 3882 iu
1066 3835 1161 3904 integro

25 3949 26 3978 3
108 3903 155 3971 ejus
164 3905 297 3960 adventus.
311 3938 348 3950 -
364 3908 428 3962 Hoc
442 3909 604 3962 omniasub·
648 3929 704 3964 esse
712 3909 778 3963 dicit
788 3909 925 3974 Perletns,
939 3909 1012 3982 quod
1022 3911 1110 3968 adhuc
1123 3930 1162 3970 eet

25 3979 26 4024 ἶ
108 3980 175 4034 minsa
184 3996 207 4037 et
217 3987 299 4040 veloci
309 3986 530 4059 pronuntiatione
539 3988 604 4042 elle·
648 3990 732 4042 nostri
746 3987 858 4042 arbitrii.
