2824 4778
329 365 582 492 PHORMIo.
610 427 717 493 ACT.
746 425 798 511 11,
826 425 894 530 SC.
921 422 987 491 lv.
1021 425 1028 430 ”
1114 419 1182 488 281

124 561 169 625 H.
183 558 257 651 Ego
276 553 391 624 sedulo
406 555 497 624 hunc
511 554 630 624 dixisse
648 555 770 642 credo;
794 563 912 623 verum
934 555 981 622 ita
998 566 1063 638 est,
1099 561 1100 564 ’

124 664 220 752 Quot
235 662 407 747 homines,
428 675 479 730 tot
494 663 683 730 sententiae:
704 687 783 735 suus
803 661 921 754 cuique
941 684 1025 729 mos.

124 770 211 838 Mihi
226 794 295 837 non
313 767 463 854 videtur,
478 767 568 862 quod
589 769 630 836 sit
650 767 773 836 factum
785 765 934 861 legibus,
1154 789 1192 836 tst

125 867 281 946 Rescindi
296 899 407 968 posse,
422 888 456 942 et
472 888 569 968 turpe
585 875 720 968 inceptu
737 888 796 942 est.
812 876 878 943 Dn.
892 873 974 959 Dic,
992 871 1096 940 Crito.

125 984 207 1052 Cm.
231 983 304 1075 Ego
323 978 464 1074 amplius
484 979 734 1072 deliberandum
756 1004 885 1048 censeo.
957 1000 961 1007 ’
1195 1060 1200 1069 Ι

124 1089 194 1156 Res
207 1109 328 1182 magna
341 1099 399 1154 est.
415 1089 457 1154 H.
474 1086 645 1180 Numquid
658 1111 719 1155 nos
736 1088 785 1154 vis
797 1084 811 1154 Ρ
824 1088 892 1154 Dn.
907 1083 1041 1152 Fecistis
1051 1080 1165 1176 probe.
1293 1115 1297 1122 ·

124 1194 290 1269 Incertior
304 1217 377 1260 sum
396 1190 502 1262 multo
520 1217 620 1288 quarn
638 1192 774 1267 dudum.
799 1195 842 1262 G.
862 1191 996 1285 Negant

125 1299 272 1370 Redisse.
287 1301 352 1367 Dn.
369 1301 484 1368 Frater
499 1313 549 1368 est
564 1299 803 1394 exspectandus
821 1297 912 1365 mihi.
1150 1315 1189 1361 uo

124 1409 159 1476 Is
176 1405 266 1500 quod
282 1405 364 1474 mihi
382 1404 510 1477 dederit
528 1405 651 1476 dehac
669 1429 705 1474 re
722 1403 917 1487 consilium,
939 1401 973 1472 id
985 1423 1112 1495 sequar.
1165 1441 1168 1448 ·

125 1515 362 1582 Percontatum
375 1511 431 1580 ibo
446 1511 489 1580 ad
501 1526 651 1607 portum,
672 1510 782 1606 quoad
800 1535 835 1580 se
846 1508 992 1602 recipiat.

125 1620 169 1687 G.
176 1621 289 1712 Atego
298 1617 523 1712 Antiphonem
535 1643 696 1712 quaeram,
712 1632 831 1711 utquae
841 1629 915 1684 acta
925 1614 980 1684 hie
991 1613 1072 1699 sint,
1082 1610 1172 1682 sciat.

125 1723 192 1794 Sed
210 1724 451 1818 eccumipsu'm
467 1723 564 1792 video
586 1725 620 1792 in
636 1738 786 1819 tempore
803 1723 871 1791 huc
890 1747 925 1790 se
945 1720 1101 1814 recipere.
1133 1719 1135 1724 ’

125 1888 213 1978 grurn.
228 1908 345 1982 -ῼίκί,
360 1905 422 1958 Haeo
435 1923 495 1958 mea
508 1905 638 1958 sententia
681 1923 731 1976 per
749 1902 896 1970 comoedia,
914 1901 1077 1956 inducuntur
1095 1899 1195 1971 pariter
1289 1959 1291 1972 ἁ

126 1997 174 2038 eet.
287 1989 290 1998 ‘
321 1997 325 2001 '
469 2031 471 2034 .
682 2001 737 2035 non
749 1982 887 2048 advocati,
905 1981 951 2050 sed
966 1979 1076 2047 medici,
1089 1979 1150 2050 qui,
1164 1991 1194 2030 ut

163 2064 222 2128 453.
233 2067 337 2127 Sedulo,
350 2063 495 2130 benevole,
507 2081 540 2116 ex
556 2062 638 2115 animi
681 2061 726 2115 hio
745 2062 788 2124 fit,
801 2061 851 2114 sibi
871 2061 984 2115 invicem
1002 2057 1128 2130 loquendi
1147 2058 1195 2110 ini·

125 2143 266 2197 sententia.
682 2141 748 2193 tium
781 2141 936 2213 obsequiose
966 2138 1100 2192 deferunt.
1126 2136 1195 2189 Vide

162 2223 227 2288 454.
248 2225 340 2290 Cuique
364 2241 426 2273 mor.
450 2219 536 2274 Codd.
563 2221 636 2292 quid.
683 2218 970 2273 Molenfabulamcit..
984 2230 1034 2271 act.
1049 2218 1101 2283 IV,
1116 2215 1175 2272 init.

125 2303 215 2357 West.
230 2300 291 2354 add.
305 2315 349 2352 est.
719 2304 779 2362 460.
803 2305 867 2369 Neg.
893 2301 993 2350 redisse.
1016 2295 1195 2367 Antiphonem

162 2381 222 2444 456.
232 2387 327 2449 Incept.
342 2377 392 2431 Ed.
402 2378 488 2430 Anon.
499 2389 525 2430 et
540 2377 588 2431 Ed.
600 2395 638 2448 pr.
682 2397 792 2449 nempe,
809 2397 889 2450 quem
914 2376 1125 2448 conquirendum
1146 2375 1196 2426 De·

124 2465 307 2528 inceptum-
319 2464 397 2527 Turpe
409 2461 503 2527 inceptu
517 2474 559 2510 est.
578 2459 639 2512 Non
683 2458 776 2530 mipho
793 2457 966 2512 mandaverat
985 2454 1128 2518 Phaedriae,
1149 2472 1194 2506 su·

124 2551 165 2592 eet
174 2541 315 2592 honestum
326 2549 427 2591 tentare
438 2537 475 2588 id.
682 2555 732 2608 pra
745 2555 783 2589 vs.
798 2537 858 2604 309.
869 2565 903 2577 -
912 2541 1012 2598 Frater,
1026 2535 1161 2586 Chremes.

163 2618 223 2678 458.
234 2623 337 2687 Magna.
351 2615 442 2686 Magni
454 2615 591 2668 momenti.
603 2643 639 2655 -
719 2619 778 2679 462.
791 2617 931 2666 Dederitde
945 2617 993 2664 luae
1008 2633 1042 2664 re.
1053 2613 1107 2664 Un.
1121 2611 1195 2663 Bent.

124 2694 639 2764 -Numquidnosvistbbiturientium,
682 2695 742 2748 cod.
762 2695 855 2746 colloc.
875 2698 906 2744 do
925 2689 973 2744 liae
990 2713 1017 2743 re
1031 2693 1086 2743 ded.
1106 2696 1196 2740 -Se-

125 2776 206 2830 nteit
218 2775 345 2839 Casnub.,
358 2773 481 2827 formula.
683 2793 753 2842 quar.
765 2773 825 2824 Lib.
837 2783 891 2824 ant.
901 2791 1033 2838 exsequar.
1045 2770 1095 2823 Hic
1105 2787 1196 2823 versus

162 2853 223 2925 459.
235 2861 287 2908 Ine.
299 2875 352 2906 rum
365 2857 441 2906 multo
453 2872 526 2922 quam
538 2856 638 2904 dudum.
683 2853 738 2905 fere
756 2851 827 2904 idem
845 2863 898 2918 est,
916 2849 963 2922 qui
976 2849 1005 2902 in
1018 2849 1070 2904 td.
1086 2849 1146 2902 501.
1160 2879 1191 2889 -

68 3005 78 3011 -
108 2935 196 2988 -Ιῑὲηι
218 2933 291 3005 apud
311 2945 456 2988 nostratem
479 2933 639 3000 Molerium,
685 2935 774 2998 Quoad
790 2951 816 2982 se
837 2933 946 3000 recipiat.
959 2928 1138 2997 Quandonam
1154 2947 1195 2982 re·

125 3026 201 3084 pater
218 3012 326 3086 quidam
349 3024 488 3084 postquam
506 3011 639 3064 consuluit
683 3010 789 3064 diturus
802 3012 842 3063 sit.

125 3093 161 3146 de
171 3093 234 3146 filie
246 3111 298 3146 rute
314 3093 426 3144 morbo:
442 3096 567 3143 L'Amour
583 3095 639 3142 Mt·
719 3091 900 3154 463.Hicsint.
911 3090 970 3142 Lib.
980 3099 1035 3141 ant.
1045 3091 1195 3140 bierunt.—

125 3175 214 3238 decin,
224 3184 275 3226 act.
286 3171 330 3236 11,
341 3189 378 3224 rc.
388 3168 443 3224 v1‘1:
454 3170 638 3224 Seruium.
683 3177 717 3220 Ar
726 3189 784 3237 ego,
795 3181 844 3221 etc.
858 3168 920 3220 Haec
931 3185 1021 3220 secum
1032 3167 1120 3218 Geta..

126 3257 189 3304 «Me
203 3253 274 3304 voit&
282 3255 417 3320 justemene
429 3271 461 3303 un
470 3271 520 3320 peu
531 3255 589 3319 plus
602 3252 639 3300 in·
719 3252 779 3314 464.
800 3254 908 3311 Eccum,
929 3265 979 3318 pro
1000 3265 1056 3298 eece
1076 3265 1146 3306 eum,
1165 3257 1194 3319 ut

124 3331 454 3400 catainqu'auparavant.»
465 3331 498 3383 In
507 3349 561 3402 qua
570 3330 640 3383 insu·
684 3347 762 3402 sepe.
776 3361 811 3373 ·-
822 3333 853 3381 In
867 3325 986 3398 tempore.
1000 3337 1158 3401 opportune.
