2824 4778
382 389 386 396 '
429 387 621 480 vPUBLII
645 385 900 455 TERENTII
925 383 1048 488 AFRNI

212 520 280 606 Qui
299 519 343 590 ob
359 543 428 586 rem
446 517 570 588 nullam
585 520 690 606 misit,
706 520 828 588 frustra
846 518 904 586 uhi
922 530 1030 586 toturn
1044 513 1153 584 desedi
1167 514 1282 602 diem,
1340 557 1343 568 =

213 627 407 718 Myconium
424 625 589 719 hospitem
604 625 683 693 dum
698 640 853 719 exspecto
870 625 904 691 in
923 647 998 691 arce
1017 619 1280 691 Callidemidem.

212 732 329 824 Itaque
344 733 474 824 ineptus
484 731 586 800 hodie
599 731 679 800 dum
691 731 735 799 illi
749 731 857 818 sedeo,
866 731 1083 823 utquisquam
1097 743 1256 815 venerat,

212 835 443 906 decedebam:
468 864 485 901 a
501 836 689 906 adolescens
705 833 713 905 l
737 837 789 906 dic
811 837 890 906 dum
908 857 1041 929 quaeso,
1062 837 1175 902 tun’es
1196 837 1280 930 My-

371 941 510 1017 conius?
525 972 542 1007 a
564 983 618 994 -

218 1076 235 1111 «
250 1048 329 1117 Non
341 1073 425 1116 surn.
432 1078 449 1112 n
464 1085 519 1098 —
529 1049 594 1117 «At
608 1047 879 1118 Callidemidesh>
892 1083 945 1096 -
956 1075 972 1109 a
983 1047 1072 1116 Non.
1087 1075 1190 1111 n-—u
1207 1051 1277 1117 Ho-

370 1155 489 1248 spitem
510 1179 646 1248 ecquem
659 1153 869 1249 Pamphilum
1237 1171 1279 1209 ⁸0⁵

211 1259 275 1326 Hic
288 1259 410 1329 hahes
403 1259 417 1312 ²
431 1263 583 1330 »Omnes
595 1261 894 1354 negabant3neque
905 1282 981 1328 eum
994 1281 1194 1354 quemquam
1205 1282 1277 1327 esse

368 1365 522 1438 arbitror.

210 1471 364 1564 Denique
385 1471 496 1542 hercle
511 1472 581 1566 jaun
604 1471 772 1566 pudebat:
788 1473 864 1544 abii.
884 1471 947 1540 Sed
972 1471 1051 1565 quid
1075 1470 1276 1539 Bacchidem

209 1575 261 1642 Ab
283 1591 397 1646 nostro
418 1578 527 1646 adfine
542 1570 716 1646 exeuntem
731 1576 856 1646 video?
876 1575 955 1670 quid
975 1578 1053 1645 huic
1066 1577 1120 1645 hie
1138 1591 1188 1645 est
1200 1575 1276 1645 rei?

209 1683 291 1752 Bac.
317 1683 502 1770 Parmeno,
529 1699 717 1779 opportune
740 1697 772 1752 te
791 1683 920 1753 offers:
948 1707 1089 1777 propere
1113 1708 1210 1752 curre
1232 1683 1276 1750 ad

368 1790 588 1885 Pamphilum.

217 411 286 455 220

1258 1887 1262 1915 l

210 1991 266 2042 vait
274 1991 339 2061 qu'il
347 1991 455 2062 pouvait
461 1993 499 2044 lui
507 1993 572 2046 faire
583 1995 720 2046 retrouver
763 2010 795 2044 ex
810 1990 887 2044 codd.
899 1990 980 2044 duob.
992 1991 1107 2064 prefert.
1117 2021 1153 2030 -
1162 1998 1274 2059 Ineptias,

211 2087 251 2122 ses
262 2084 377 2142 parents.
387 2071 445 2124 Elle
456 2073 480 2125 le
496 2072 585 2125 donne
599 2077 613 2125 a
627 2075 721 2144 garder
762 2071 831 2122 nulli
854 2071 893 2124 rei
911 2071 983 2124 serioe
1005 2071 1086 2124 utilis.
1104 2100 1141 2112 -
1155 2075 1210 2136 Illi,
1224 2090 1275 2142 pro

210 2167 315 2202 comme
328 2170 365 2202 uu
379 2151 441 2203 esset
454 2153 591 2222 precieux.
604 2153 671 2204 Rieu
686 2153 720 2205 de
732 2203 737 2216 ,
763 2153 820 2202 illic.

211 2229 269 2281 cela
280 2249 350 2282 nese
367 2242 461 2282 trouve
474 2231 542 2282 daris
554 2230 671 2293 l’necyre.
683 2233 720 2285 Ce
798 2230 859 2293 804.
870 2233 965 2280 Tuu'es.
974 2228 1070 2282 SioBe.
1081 2247 1130 2298 pro
1139 2249 1163 2278 es
1169 2243 1193 2279 tn
1201 2229 1272 2298 vulg.

211 2318 271 2360 sont
284 2327 344 2361 sans
353 2309 433 2361 doute
446 2327 489 2361 ces
498 2309 720 2363 defautsdevrai-
762 2309 872 2360 Invertit
887 2321 975 2373 autern
987 2308 1041 2370 ille,
1056 2327 1089 2360 ne
1099 2328 1183 2376 quaro
1193 2326 1273 2378 syna·

210 2387 361 2440 semblence
375 2388 421 2460 qui
432 2401 478 2440 ont
489 2389 536 2440 tait
545 2390 622 2460 juger
638 2394 652 2440 a
668 2393 720 2442 Do·
762 2387 877 2458 loepham
892 2389 970 2440 faciat
987 2407 1046 2439 curn
1060 2409 1096 2440 es.
1112 2419 1147 2428 -
1159 2391 1273 2438 Adolese.

209 2479 257 2519 nat
268 2469 363 2539 qu'elle
377 2469 439 2521 etait
459 2469 484 2520 la
504 2470 562 2540 plus
578 2470 659 2522 faible
673 2469 720 2522 des
762 2469 866 2518 dicdum
876 2467 1123 2534 quoeso.Vernaliter
1135 2479 1162 2518 et
1172 2466 1274 2519 comice

210 2548 250 2599 six
264 2547 395 2600 comedies
408 2549 440 2601 de
450 2549 575 2602 Terence.
591 2551 631 2601 En
643 2551 720 2613 effet,
762 2564 789 2597 se
808 2546 895 2616 ipsum
917 2564 1008 2598 servus
1031 2545 1160 2598 imitatur.
1183 2545 1217 2597 Et
1235 2556 1275 2598 est

210 2633 298 2682 atous
314 2642 401 2683 autres
415 2630 508 2703 &gards
521 2631 572 2682 elle
586 2638 624 2684 est
635 2632 720 2684 admi·
762 2635 872 2706 μίμησις.
889 2639 954 2685 Don.

208 2709 298 2772 rable,
310 2721 335 2760 et
348 2729 397 2762 eon
412 2729 463 2779 peu
475 2709 589 2763 d'action
601 2724 639 2763 est
656 2713 719 2764 bien
798 2712 858 2764 805.
876 2717 934 2763 Non
946 2731 1014 2776 stam,
1028 2711 1206 2782 respondebat
1219 2711 1274 2766 ille.

206 2789 315 2840 rochete
324 2808 372 2858 par
382 2790 405 2841 le
415 2790 482 2860 style
493 2802 518 2842 et
529 2790 552 2840 la
563 2791 695 2847 conduite.
705 2817 716 2838 ι

209 2875 217 2882 ’
243 2867 303 2917 800.
321 2872 411 2919 Meam.
432 2869 461 2920 C.
478 2868 512 2920 G.
532 2889 599 2920 meus
613 2870 639 2920 in
655 2891 718 2923 con·

206 2955 289 2996 textu.
302 2943 344 2996 ld.
360 2965 439 2995 meam
454 2947 510 2997 sub.
523 2949 614 3016 script.
627 2950 716 3002 exhib.

207 3032 267 3093 post
280 3025 358 3071 herus.
367 3029 403 3061 -'
415 3027 494 3073 Pretir'.
503 3023 546 3076 Sic
555 3026 600 3076 lib.
608 3039 662 3078 ant.
674 3027 716 3080 Id.

208 3101 226 3152 l.
238 3103 309 3168 preti.
322 3099 384 3152 «sic
398 3113 424 3154 et
435 3104 530 3166 nostri,
543 3104 617 3175 quod
628 3118 718 3158 mouet

205 3181 315 3250 Anglus,
324 3184 395 3248 preti,
408 3191 437 3232 ut
449 3182 509 3246 viti,
523 3183 619 3252 gaudi,
632 3187 717 3237 eonsi-

203 3261 232 3312 li.
240 3260 344 3313 »Andr
356 3281 392 3316 vs.
404 3267 631 3331 321.-It10amop.
643 3265 717 3316 Meos

203 3339 316 3392 labores.
330 3370 365 3380 -
380 3346 440 3390 Esse
454 3345 525 3408 parvi
535 3346 624 3414 pretii,
644 3343 672 3394 in
688 3363 717 3396 re

202 3419 303 3470 nullius
316 3418 393 3490 pretii
406 3420 620 3472 consumendam.

240 3499 301 3550 801.
318 3501 414 3548 obrem
428 3503 489 3552 null.
504 3499 560 3550 sine
574 3501 626 3552 ulla
645 3501 716 3554 utili·

205 3587 267 3628 tate.
279 3607 313 3616 -
324 3579 375 3627 Ubi.
385 3577 461 3628 Deest
472 3592 534 3630 ante
544 3579 611 3632 hanc
622 3599 715 3634 vocem

208 3660 275 3706 illuc.
289 3685 324 3694 -
336 3660 432 3722 Totum,
443 3657 500 3708 sub.
508 3675 566 3726 per.
572 3665 713 3727 —Desedi,

206 3735 304 3787 otiosus
313 3735 360 3786 fur

240 3813 301 3865 802
326 3817 466 3886 Myconum
490 3817 577 3882 hospit.
599 3827 650 3869 ete.
672 3819 712 3870 Cf.

202 3910 279 3962 supra
293 3893 362 3954 432,
377 3877 435 3955 433.

238 3969 298 4022 803.
302 3973 351 4022 Illi.
359 3971 426 4024 CG.
433 3993 468 4024 m.
479 3977 499 4024 il
497 3975 712 4042 lior-Quisquam

200 4049 259 4102 Lib.
272 4061 324 4102 ant.
335 4049 445 4117 quisque.
456 4051 509 4106 Sed
524 4055 655 4121 quisquam
666 4055 711 4108 Be.

761 2823 796 2832 -
806 2797 1001 2860 Hosp.ecquem,
1014 2801 1063 2842 etc.
1077 2792 1171 2842 Nonne
1185 2792 1277 2862 hospi·

761 2885 813 2923 tem
826 2871 853 2922 in
868 2871 919 2923 hae
930 2871 995 2922 urbe
1005 2869 1095 2931 habes,
1106 2870 1152 2940 qui
1162 2882 1276 2924 vocatur

760 2949 931 3020 Pamphilus,
954 2961 980 3001 et
999 2946 1033 3000 ad
1054 2967 1133 3019 quem
1154 2947 1274 3003 diversa-

760 3041 817 3082 tum
828 3029 919 3082 venis?

797 3111 857 3162 806.
873 3115 946 3160 Eum.
961 3109 1019 3162 Lib.
1036 3109 1118 3180 antiq.
1142 3112 1207 3160 enim
1220 3099 1273 3180 pro

760 3209 822 3240 eum.
837 3221 871 3228 —
882 3194 963 3250 Eum,
977 3206 1117 3260 personam
1129 3187 1200 3240 illam
1212 3189 1273 3241 Cal-

759 3267 902 3332 lidemidis,
912 3267 1032 3320 fictitiam
1040 3288 1110 3321 sane.
1125 3277 1273 3338 —Quemq.

759 3369 821 3412 esse,
831 3365 886 3400 esse
896 3348 923 3399 in
937 3347 1046 3400 mundo.

795 3429 853 3495 807.
861 3430 973 3494 Denique
980 3431 1043 3495 pud.
1050 3423 1147 3481 Sedere
1155 3439 1181 3480 et
1191 3426 1274 3480 inter·

759 3525 790 3558 ro
808 3525 879 3558 are..

791 3525 853 3638 508.
867 3589 903 3636 Ab
917 3598 998 3635 nostro
1010 3585 1064 3651 aelf.
1080 3583 1197 3636 Edomo
1210 3585 1274 3636 Phi·

758 3663 842 3734 dippi,
856 3682 940 3716 soceri
933 3663 1092 3734 'Pamphili
1100 3667 1206 3725 -Huie,
1215 3683 1274 3716 me·

758 3743 902 3794 retrici-
915 3746 977 3809 Hic,
992 3743 1018 3792 in
1038 3741 1084 3793 tali
1101 3740 1183 3794 domo
1191 3762 1274 3814 ‚quae

756 3823 871 3892 ingenua
885 3835 923 3874 est
935 3833 960 3874 et
970 3819 1077 3892 pudica.

709 3901 712 3916 '⁴
792 3903 853 3968 809.
865 3907 904 3954 Te.
909 3903 988 3954 InC.
1002 3901 1034 3953 G
1046 3920 1081 3953 m
1088 3900 1178 3954 omiss
1188 3915 1227 3954 est
1237 3918 1273 3968 te,

756 3999 803 4050 per
816 3981 1015 4052 negligentiam,
1030 3993 1059 4032 ut
1071 3981 1175 4050 opinor,
1189 3981 1274 4035 libra·

756 4058 924 4111 riorum.-
890 4067 1012 4127 -Prop
1034 4079 1110 4112 curra.
1125 4061 1274 4114 Attenden-
