2834 4788
237 364 282 434 72
453 341 637 408 runnu
665 339 922 408 runnumr
948 339 1091 408 Arni·

233 466 292 536 Ille
312 467 420 538 bonus
440 470 491 537 vir
508 470 602 538 nobis
623 467 809 563 psaltriam,
831 471 857 538 si
874 471 937 538 Dis
952 467 1073 564 placet,

140 665 145 676 .
232 576 379 658 Paravit,
397 577 531 668 quicum
550 577 657 661 vivat;
676 574 763 644 illam
786 575 916 644 deserit.

232 681 296 748 Du.
320 683 385 748 Pro
406 683 531 750 certon’
551 695 587 750 tu
607 683 695 750 istaec
717 679 820 750 dicis?
833 685 921 752 Huc.
937 683 1047 750 Mater
1064 683 1199 776 virginis

230 788 271 852 In
291 785 399 854 medio
415 789 469 874 'st,
490 788 559 880 ipso
576 789 689 880 virgo,
707 811 759 855 res
778 788 864 880 ipsa,
882 788 936 860 hic
956 789 1041 856 Geta
1253 815 1298 860 sss

232 893 408 974 Praeterea,
429 907 467 960 ut
483 907 598 987 captus
612 892 818 961 servulorum
830 907 894 980 est,
908 919 976 962 non
988 891 1107 980 malus,

166 1055 170 1060 .
230 995 347 1090 Neque
363 999 465 1086 iners;
483 997 540 1066 alit
556 997 643 1086 ilios,
665 997 753 1068 solus
772 1022 903 1068 omnem
926 997 1082 1068 familiam

232 1103 419 1173 Sustentat:
439 1105 528 1174 hunc
542 1104 685 1188 abduce,
705 1106 809 1188 vinci,
832 1129 1040 1198 quaererem.
1117 1189 1121 1198 Ι
1205 1159 1207 1168 .

231 1209 318 1276 Gor.
336 1211 409 1276 Imo
431 1209 541 1278 hercle
558 1225 732 1304 extorque,
754 1211 815 1279 nisi
829 1212 875 1280 ita
891 1213 1015 1281 facturn
1027 1213 1082 1298 ’st,
1098 1214 1231 1280 Demea.

231 1313 402 1383 Postremo
418 1341 486 1384 non
503 1317 654 1410 negabit3
671 1341 783 1386 coram
800 1318 908 1411 ipsum
928 1317 1021 1388 cedo.
1251 1344 1296 1388 sss

230 1418 295 1487 Du.
312 1420 434 1508 Pudet3
450 1446 527 1506 nec,
543 1422 621 1515 quid
632 1447 746 1516 agam,
763 1447 870 1516 neque
881 1423 960 1520 quid
972 1423 1049 1492 huic
1059 1423 1297 1518 respondeam,

230 1525 313 1594 Scio.
333 1529 472 1596 Psoron.
488 1529 644 1597 Miseram
664 1524 737 1598 me!
754 1528 891 1600 differor
905 1530 1083 1604 doloribus.

228 1633 316 1700 Juno
336 1635 464 1702 Lucina
478 1633 528 1702 fer
540 1630 660 1728 opem!
684 1659 779 1703 serva
797 1659 869 1723 me,
886 1631 1038 1710 obsecro!
1053 1639 1144 1705 Hso.
1158 1633 1257 1704 Hem!

230 1739 399 1806 Numnam
416 1738 488 1822 illa,
502 1766 630 1834 quaeso,
649 1739 815 1835 parturit?
830 1744 917 1816 Gor.
937 1751 1052 1828 Certe,
1066 1742 1183 1834 Hegio.
1198 1745 1293 1812 Huc.

314 1873 316 1880 ⁴
389 1841 489 1913 Hem!

229 1971 325 2002 menses
336 1955 422 2023 partui
435 1955 590 2025 tempestivo
604 1957 737 2009 tribuisse.
818 1959 878 2019 482.
891 1961 963 2009 Illas.
977 1958 1027 2010 Ms.
1049 1956 1196 2011 Lindenbr.
1212 1962 1293 2012 illam.

231 2030 304 2101 Virg.
322 2032 379 2083 Eel.
399 2033 450 2097 IV,
471 2037 523 2086 61:
542 2036 642 2086 ‹Matri
658 2037 739 2107 longa
787 2067 813 2076 -
830 2041 899 2087 Solus
918 2057 984 2088 omn.
999 2038 1069 2104 fam.
1088 2038 1177 2108 Vulgo
1195 2037 1293 2090 distin-

231 2113 314 2161 decem
339 2112 456 2164 tulerunt
479 2113 584 2165 fastidia
606 2134 708 2168 marites.
725 2142 738 2161 a
782 2116 871 2186 guitur
890 2128 950 2186 post
968 2121 1048 2181 solus,
1061 2117 1094 2168 sb
1109 2117 1293 2170 Ernsmome-

231 2188 264 2238 Et
274 2188 406 2242 decimum
417 2211 533 2244 mensem
544 2193 630 2244 innuit
639 2193 738 2263 Hegio,
781 2193 831 2248 lius
844 2207 912 2247 ente.
925 2199 1016 2247 Perdet.

230 2285 284 2336 quo
295 2271 379 2338 major
389 2270 673 2324 ostendaturAEschini
683 2275 738 2324 cul·
818 2274 878 2336 483.
893 2279 963 2326 Hunc
982 2276 1082 2324 abduce.
1095 2274 1230 2325 inlocum
1245 2273 1293 2327 ubi

230 2365 265 2416 pa
279 2347 396 2418 puellam
411 2349 439 2402 iu
459 2350 504 2401 uli
520 2369 608 2404 rerum
628 2352 737 2406 articulo
781 2369 861 2404 nemo
874 2351 955 2422 possit
967 2350 1138 2404 intercedere.

230 2424 380 2482 deserentis.
818 2432 1025 2494 484.Ιιηο1ιενοὶ.
1039 2445 1135 2498 extorq.
1149 2431 1200 2482 Hic
1212 2451 1250 2484 vs.
1264 2447 1295 2485 et

265 2511 326 2576 477.
353 2513 400 2559 Ille
420 2511 495 2560 bonus
518 2511 567 2561 vir.
594 2511 676 2562 Abest
697 2514 738 2562 ille
781 2527 836 2580 seq.
860 2509 889 2560 in
910 2511 962 2562 Ms.
986 2509 1060 2580 Lips.
1080 2510 1156 2561 etism
1179 2510 1294 2581 Hegioni

229 2585 309 2637 Both.
330 2592 430 2640 -Ille
454 2593 530 2639 bonus
553 2593 602 2642 vir.
623 2590 735 2644 ironice.
781 2588 989 2640 tribuuntur.-
1002 2593 1136 2656 Errorque.
1151 2589 1292 2660 IpseGeto

229 2663 312 2718 Andr.
326 2685 363 2720 vs.
374 2669 437 2738 847,
455 2667 507 2720 vol.
520 2669 549 2736 1,
563 2688 696 2740 pug.109,
712 2685 738 2725 et
781 2666 815 2719 de
825 2687 852 2720 se
863 2668 921 2738 pius
931 2681 956 2721 et
965 2667 1092 2738 apertius,
1104 2687 1183 2739 quam
1194 2667 1294 2740 Hegio,

227 2743 264 2796 ibi
276 2745 340 2798 Nos.
351 2777 384 2786 —
394 2750 421 2798 Si
432 2751 477 2798 Dis
487 2753 585 2816 placet,
604 2769 651 2821 per
670 2769 736 2822 quos
780 2746 901 2818 largitur·

225 2817 343 2892 ju'ratum
366 2837 412 2876 est.
425 2817 513 2879 v'erha
534 2829 626 2882 odium
651 2833 737 2902 majus
816 2826 875 2890 485.
905 2827 990 2876 Coram
1015 2828 1102 2892 ipsum.
1130 2824 1181 2877 Alii
1204 2845 1292 2878 coram

227 2902 400 2954 concitatum.
780 2907 841 2972 pso.
861 2935 896 2944 -
913 2912 1045 2957 Postremo.
1066 2903 1146 2969 Quod
1164 2905 1291 2957 ultimum

265 2983 324 3044 478.
349 2985 423 3033 Illam
444 2987 540 3037 deserit.
566 2986 629 3040 Mss.
658 2983 734 3057 quid,
778 2983 878 3036 scilicet
887 2982 935 3034 erit
945 2995 1145 3052 argumentum,
1158 2985 1291 3036 confessio

226 3064 292 3131 lra‘ne
306 3065 411 3115 deserat.
423 3094 459 3103 —
471 3067 575 3126 Paravit,
585 3069 680 3132 quicum
694 3072 736 3119 vi·
778 3061 898 3114 AEschissi
916 3062 1039 3115 tuctOriS·
1057 3095 1091 3104 -
1107 3067 1192 3114 Cssram
1210 3065 1290 3130 ipsum

226 3153 276 3191 vat.
290 3139 437 3206 Quaesivit,
453 3153 483 3194 ut
499 3162 560 3195 cum
578 3163 608 3198 aa
625 3163 736 3201 consue.
779 3145 847 3192 cedo.
857 3141 977 3212 Intellige
986 3145 1045 3193 cedo
1054 3161 1105 3213 pro
1114 3146 1157 3205 da,
1168 3145 1289 3194 admr'tte:

227 3217 346 3271 tudinem
358 3220 462 3275 haheat.
607 3257 611 3270 .
779 3221 869 3274 «hunc
878 3223 953 3274 nobis
963 3233 1117 3292 presentem
1123 3221 1167 3272 hic
1176 3232 1288 3272 statue.»

261 3300 319 3362 480.
334 3303 381 3352 Hic
398 3305 469 3352 Geta.
482 3303 514 3354 Τὸ
528 3305 566 3354 hic
577 3303 650 3356 abest
664 3305 732 3360 Peri.
814 3303 873 3371 487.
888 3303 1004 3369 Dfferor.
1023 3301 1113 3353 Guelf.
1137 3319 1166 3364 1,
1180 3301 1287 3366 deferor.

222 3407 258 3418 υ-
281 3385 310 3430 In
326 3384 405 3432 medio
420 3395 463 3432 est.
482 3382 516 3432 In
534 3378 651 3434 medium
668 3403 731 3454 pro·
776 3410 811 3419 —
822 3383 938 3430 Miseram
949 3387 1006 3430 me!
1017 3381 1078 3430 Vox
1088 3379 1232 3449 Pamphilae
1246 3380 1289 3431 in·

223 3457 313 3511 diturs
324 3465 461 3517 est-Res
473 3463 534 3527 ipsa.
545 3461 652 3515 Pondus
662 3464 732 3516 uteri
775 3471 817 3512 tus
834 3460 986 3524 clamanti„
1005 3470 1031 3511 et
1044 3478 1096 3513 vox
1113 3459 1287 3531 parturientis

223 3549 249 3589 et
262 3538 362 3592 instans
375 3551 475 3610 portus.
774 3557 823 3610 pro
833 3539 984 3592 testimonio
995 3538 1124 3601 succedit,
1136 3537 1169 3596 ud
1183 3535 1288 3588 inflam-

258 3617 319 3681 48ῑ.
333 3623 492 3670 Servulomm.
506 3619 544 3670 Al.
559 3640 730 3674 servorum-
774 3619 902 3671 mnndum
913 3621 1047 3671 Demeam.
1060 3651 1093 3659 —
1104 3619 1224 3686 Differor.
1239 3617 1287 3668 Di-

148 3727 150 3731 ·
225 3701 255 3745 m
269 3711 355 3764 captus
369 3701 456 3748 servul.
469 3713 520 3758 est,
539 3719 588 3749 non
603 3705 661 3751 rnal.
680 3712 729 3754 etc.
774 3697 887 3750 scindor.

222 3775 433 3848 Transponendu
448 3789 507 3828 sunt
525 3777 595 3840 haec,
611 3793 641 3831 ut
662 3781 729 3832 bene
809 3777 867 3838 488.
881 3777 946 3826 Jmio
962 3779 1053 3826 Lucina
1059 3776 1104 3843 fer
1116 3781 1204 3840 opem!
1215 3773 1283 3825 Vid.

220 3853 418 3927 intelligantur:
434 3855 535 3920 «Geta,
555 3857 602 3928 qui
620 3875 673 3908 non
691 3869 729 3910 est
773 3854 922 3924 Andudpd,
933 3853 1060 3924 quiddam
1069 3853 1179 3906 omnino
1187 3851 1284 3906 simile.

220 3931 304 3983 molus
317 3945 342 3983 et
353 3937 440 3998 iners,
455 3948 485 3987 ut
497 3948 560 3987 sunt
572 3935 648 3986 nimis
661 3953 728 4006 scope
808 3934 869 4002 489.
887 3937 965 3984 Certe.
985 3935 1044 3984 vet.
1061 3932 1118 3985 eod.
1133 3951 1175 4002 up.
1197 3932 1282 3984 Lind.

217 4009 341 4074 servium
350 4025 476 4082 preterea
489 4015 559 4068 testis
570 4014 596 4066 in
608 4013 702 4068 medio.
714 4039 724 4060 s
772 4027 836 4064 certe
843 4015 1052 4080 parturit-uta.
1064 4013 1104 4064 De
1116 4029 1169 4082 qna
1181 4010 1285 4082 agitur.
