2864 4776
246 345 321 424 320
463 347 647 418 PUBLII
673 349 931 419 TERENTII
958 343 1076 419 AFRl

245 488 290 556 Ν.
307 485 355 553 Ac
365 481 463 550 rebus
473 477 642 548 vilioribus
653 479 895 564 multo,tamen
906 479 1030 550 talenta
1042 480 1128 547 bina.
1144 482 1208 548 ΒΕ.
1220 475 1300 548 Hui!

244 591 288 660 Ν.
305 587 395 679 Quid
406 587 477 656 baec
494 577 670 654 videntur?
688 589 752 656 ΒΕ.
768 585 907 656 Scilicet.
923 585 965 654 N.
981 587 1102 656 Virum
1120 610 1174 654 me
1191 600 1302 655 natam

403 687 539 762 velleml
1266 716 1301 757 79¹

243 805 315 897 Ego
334 796 599 868 ostenderem...
623 799 687 865 ΒΕ.
710 799 812 866 Certo
831 797 907 867 scio.
934 797 977 866 N.
997 799 1075 886 Quo
1097 806 1205 891 pacto.
1235 798 1301 867 ΒΕ.

405 905 527 986 Parce,
549 901 666 984 sodes,
976 987 979 994 ⁴

244 1015 292 1082 Ut
308 1009 411 1105 possis
430 1027 506 1078 cum
523 1006 593 1094 illa;
608 1032 650 1078 ne
665 1019 698 1076 te
713 1005 903 1077 adolescens
917 1006 1036 1076 mulier
1054 1007 1223 1101 defatiget.

246 1121 287 1186 N.
304 1116 450 1199 Faciam,
463 1127 502 1182 ut
511 1112 608 1206 jubes
623 1138 630 1182 :
645 1112 703 1182 sed
716 1138 828 1182 meum
845 1115 954 1182 virum
966 1114 1027 1182 abs
1043 1127 1075 1182 te
1088 1115 1177 1182 exire
1194 1113 1301 1182 video.

403 1222 469 1290 Cn.
488 1219 615 1305 Ehem,
637 1220 823 1314 Demipho,

242 1333 317 1400 lam
332 1325 379 1395 illi
398 1325 512 1394 datum
535 1338 585 1393 est
600 1323 866 1420 argeutuman.
886 1325 1010 1394 Curavi
1027 1321 1124 1394 illico.
1135 1327 1200 1394 Cu.
1217 1324 1300 1395 Nol·

403 1429 467 1500 lem
489 1429 615 1499 datum.
1262 1447 1300 1498 79⁵

244 1537 327 1611 Hei!
352 1537 448 1607 video
470 1560 632 1606 uxorem:
658 1561 751 1630 paene
769 1535 843 1632 plus
861 1546 960 1630 quam
981 1549 1032 1605 sat
1050 1550 1128 1604 erat.
1149 1538 1217 1604 ΒΕ.
1232 1537 1300 1606 Cur

400 1640 522 1730 nolles,
541 1640 707 1712 Chreme?

242 1859 344 1910 aHomo
354 1852 528 1925 hominiquid
537 1863 642 1924 praestat
653 1853 659 1905 !
670 1852 750 1906 stulto
793 1857 1055 1916 cesaraeae-rme,
1063 1845 1186 1924 pluribus
1192 1853 1299 1906 abstine.

241 1936 387 2006 intelligens
397 1931 470 1998 Quid
480 1931 619 1984 interest?-
635 1931 748 1984 Seusus:
828 1937 888 2001 793.
900 1934 1025 2001 DefiVar.
1035 1935 1161 2001 defetiget,
1168 1929 1299 2000 adfatiget,

242 2013 322 2081 Quod
339 2023 414 2085 pater
432 2011 558 2064 industria
570 2023 596 2063 et
616 2010 751 2082 diligentia
792 2013 919 2080 ctisetiper.
932 2044 967 2053 -
980 2018 1011 2063 Ut
1021 2032 1087 2079 poss.
1097 2017 1213 2064 camilla.
1227 2013 1301 2065 Putat

242 2095 330 2158 auxit,
349 2091 376 2144 id
392 2091 500 2143 maritus
514 2090 557 2142 vel
574 2089 750 2161 negligentia,
793 2091 911 2144 Perletue
931 2095 1009 2158 possis
1038 2091 1158 2143 absolute
1183 2091 1250 2158 dici,
1268 2093 1301 2144 At

242 2175 285 2228 vel
294 2174 360 2234 luxu
371 2168 495 2239 perdidit·
793 2172 882 2224 West.
897 2189 976 2242 supp.
989 2170 1149 2223 contendere
1158 2171 1301 2223 verbis.—

279 2269 339 2319 79⁰·
360 2252 447 2300 Multo.
466 2247 569 2299 Vocem
593 2245 662 2300 hanc
680 2249 752 2318 ejicit
795 2251 915 2302 Camilla.
936 2250 1052 2312 Phanio,
1072 2267 1153 2320 quam
1166 2250 1300 2302 nominare

242 2331 326 2386 Bentl.
345 2359 380 2368 -
399 2333 435 2378 Ac
456 2329 525 2376 rebus
544 2329 590 2378 vit.
610 2330 694 2378 multo.
712 2329 751 2379 Ac
793 2327 956 2381 reformidat.
974 2327 1075 2398 Explic.
1091 2329 1150 2379 Par.
1168 2353 1179 2374 ·
1195 2329 1218 2382 si
1234 2329 1300 2382 forte

242 2411 321 2465 etiam
333 2419 397 2460 tuuc
410 2404 549 2476 temporis,
560 2422 645 2474 quum
653 2421 695 2456 res
712 2405 751 2456 ri·
793 2425 840 2458 aue
854 2409 990 2460 voluntate
1000 2405 1068 2458 nolit
1078 2407 1175 2458 abire·
1183 2438 1219 2448 -
1231 2412 1270 2459 Ne
1278 2422 1300 2458 te

243 2493 320 2546 liores
335 2499 426 2550 erant,
439 2501 520 2557 quam
534 2501 607 2536 nunc
619 2496 689 2539 sunt.
792 2487 834 2537 cd.
843 2505 877 2537 m.
892 2487 942 2554 def.
957 2485 1062 2554 Quippe
1076 2503 1135 2554 quse
1145 2489 1300 2549 adolescens,

280 2587 340 2640 791.
351 2571 454 2619 Natam.
462 2563 506 2616 Sic
515 2562 560 2614 lib.
569 2571 623 2614 ant.
633 2562 666 2612 In
676 2561 749 2614 Bent.
792 2582 879 2634 eoque
892 2564 1031 2629 valentior,
1053 2563 1133 2616 facile
1152 2583 1213 2616 eam
1225 2583 1301 2637 supe·

243 2647 321 2703 codd.
331 2659 424 2696 natum.
436 2671 472 2682 —
487 2642 554 2708 Quid
569 2642 593 2690 lt.
607 2643 661 2692 vid.
676 2639 750 2704 Quid
790 2644 860 2696 rabit
869 2642 1012 2715 loquendo.

243 2724 352 2782 censes?
369 2752 405 2762 -
417 2723 520 2773 Scilicet.
540 2719 610 2772 Sane
628 2717 712 2770 miror
724 2731 750 2772 et
827 2729 888 2792 794.
906 2725 992 2774 Elem.
1012 2723 1044 2776 C.
1063 2722 1096 2775 G.
1110 2742 1148 2774 m.
1170 2720 1301 2775 tremellio

242 2805 333 2858 credo.
346 2802 466 2853 Obscure
485 2809 511 2850 et
526 2797 688 2866 negligenter
701 2815 749 2848 an·
791 2801 849 2873 Bip.
860 2800 921 2854 edd.
930 2820 1027 2854 noram
1037 2802 1170 2873 incipiunt
1178 2819 1292 2854 scenam.

241 2874 749 2946 nuentis‚utquiNauaistrataesermone
827 2881 887 2950 795.
895 2884 943 2942 Illi,
951 2881 1113 2934 Phormioni.
1123 2888 1299 2948 Argentum,

242 2981 295 3015 non
305 2959 485 3010 delectaretur.
499 2957 601 3006 casaub.
790 2958 864 3031 quod
873 2974 1032 3012 convenerat
1044 2960 1112 3012 inter
1124 2972 1225 3030 patrea,
1243 2977 1298 3029 cup.

279 3056 338 3108 79²·
351 3042 406 3104 Ego
417 3048 460 3084 ost.
474 3044 525 3086 etc.
541 3030 616 3084 Adde
626 3030 699 3104 quod
709 3051 749 3086 ee·
791 3057 829 3091 va.
843 3037 983 3108 713,721.
999 3069 1033 3080 --
1043 3043 1144 3098 Curavi,
1157 3057 1238 3110 supp.
1249 3057 1299 3090 nu·

240 3121 348 3192 quitur;
367 3126 392 3167 et
404 3117 487 3186 junge
503 3113 558 3165 sic:
573 3111 748 3166 Ostenderem
790 3116 956 3172 merendum.
975 3116 1055 3183 Quod
1073 3117 1197 3171 videlicet
1214 3128 1299 3170 trous·

240 3218 294 3271 quo
308 3207 439 3268 pactores
452 3191 589 3244 familiaria
604 3191 688 3262 probe
704 3188 749 3242 ad·
790 3207 878 3248 actum
886 3197 994 3267 lingitur
1002 3208 1062 3268 poet
1069 3201 1300 3262 scenam-lilim,

239 3271 411 3330 ministranda
421 3271 465 3324 sit.
476 3275 581 3323 -Certo
589 3272 646 3320 scio.
655 3268 687 3322 Id
697 3281 747 3332 est,
790 3275 936 3328 confestim.
944 3291 984 3318 '-
996 3280 1063 3328 Nulla
1073 3281 1126 3328 dat.
1139 3277 1181 3329 Cf.
1192 3293 1251 3347 sup.
1261 3293 1298 3328 ve.

135 3349 139 3358 ’
238 3357 349 3410 minime
362 3351 470 3412 dubito,
484 3363 510 3402 et
522 3348 574 3400 hoc
589 3347 692 3418 placide
708 3349 747 3399 in·
791 3369 850 3421 791.
869 3353 939 3406 Bene
948 3358 1037 3406 nollem
1048 3358 1133 3406 danem
1147 3355 1221 3418 dicit,
1230 3366 1299 3424 post-

238 3433 370 3505 terponit,
384 3444 414 3482 ut
426 3429 588 3480 Nausistrata
598 3445 747 3480 sermonem
788 3449 867 3501 quam
888 3450 904 3484 a
921 3433 1023 3485 nutrice
1038 3446 1174 3504 repertam
1189 3433 1240 3486 sibi
1251 3451 1298 3485 na·

237 3520 247 3580 (
261 3531 320 3584 quae
333 3512 388 3582 jam
403 3525 495 3560 vocem
508 3506 585 3558 altius
600 3506 708 3568 tollere,
721 3519 747 3558 et
787 3522 843 3561 tam
857 3510 992 3579 cognovit.

236 3593 301 3644 iram
311 3589 439 3641 suscitare
448 3585 597 3655 incipiebat,
605 3590 657 3652 Ego
665 3601 746 3636 osten·
823 3591 883 3660 796.-
894 3592 981 3640 Video.
996 3588 1091 3642 Perlet.
1100 3592 1199 3652 videro,
1209 3586 1296 3641 error'e

236 3675 344 3721 derem...
363 3673 415 3734 Quo
427 3679 517 3731 pecto,
531 3663 689 3734 inquiens,)
705 3665 745 3716 in·
787 3681 889 3739 typogr.
900 3699 935 3708 —
945 3676 1021 3721 Pane
1032 3675 1071 3738 pl.
1088 3679 1163 3737 qtaam
1181 3685 1221 3721 sat
1237 3685 1298 3722 erat.

237 3750 395 3818 terciperet,
411 3765 442 3798 ac
463 3744 572 3796 sisteret.
586 3743 647 3808 Quo
665 3745 743 3798 etiam
785 3746 911 3802 subaud..
933 3746 997 3802 dixi.
1026 3751 1173 3818 Argentum
1208 3748 1298 3800 innuit

236 3838 354 3897 spectant
363 3837 388 3877 et
401 3821 546 3895 sequentia,
561 3829 649 3881 Parce,
662 3827 743 3890 sodes,
785 3821 1299 3898 commemoratum,cujusintempestiva

234 3917 284 3957 etc.
306 3904 400 3966 idest,
418 3902 568 3974 parcetibi,
582 3914 670 3972 utpar
686 3920 742 3956 csse
784 3917 851 3958 esset
875 3906 974 3959 mentio
996 3918 1124 3977 praesente
1147 3925 1239 3958 uxore.
1264 3937 1297 3946 -

233 3983 316 4056 possis
328 3983 365 4034 illi
374 3982 485 4054 juniori,
496 3982 518 4036 ei
529 3981 597 4038 sorte
606 3995 740 4054 opus,etc.
785 3988 834 4035 Cur
844 3988 934 4048 nolles,
952 4002 1027 4056 supp.
1041 3983 1133 4038 datum
1146 3996 1295 4056 argentum.
