2812 4788
226 341 291 424 142
455 333 634 408 rursu
658 328 913 407 susurru
937 337 1059 409 Arm

221 477 265 542 Et
287 495 408 542 moneo
422 483 456 540 et
471 471 605 559 hortm,
619 495 662 540 ne
676 445 873 565 cujusquam
893 471 1069 560 miserest,

222 580 314 668 Quin
327 577 466 673 spolies,
483 575 634 664 mutiles,
652 575 797 664 laceres,
813 602 1014 672 quemquam
1028 592 1127 648 nacta
1144 581 1196 649 sis.
1266 609 1293 646 ss

221 689 285 754 ΡΗ.
304 687 397 754 Usin’
413 684 571 754 eximium
589 684 757 753 neminem
769 682 934 754 habeam?
953 687 1009 755 Su.
1026 685 1216 755 Neminem.

219 793 307 862 Nam
328 816 428 860 nemo
443 787 574 859 illorum
590 791 781 884 quisquam,
803 791 905 878 seito,
926 788 969 860 ad
987 805 1020 860 te
1037 794 1145 880 venit,

221 900 313 988 Quin
331 899 376 966 ita
394 910 490 991 paret
508 921 560 983 se,
587 896 646 966 abs
663 911 696 964 te
713 911 753 966 ut
772 895 941 966 blanditiis
958 899 1024 966 suis

220 1008 332 1096 Quam
354 1003 492 1072 minimo
510 1004 619 1096 pretio
638 1026 731 1074 suam
750 1001 958 1098 voluptatem
972 1001 1112 1099 expleat.

221 1111 356 1182 Hiscine
370 1123 425 1196 tu,
437 1107 575 1196 amabo,
594 1133 663 1178 nou
677 1123 795 1179 eontra
807 1105 1025 1180 insidiabere?

219 1221 282 1286 ΡΗ.
298 1219 423 1284 Tame‘n
434 1214 490 1310 pol
505 1215 654 1285 eamdem
671 1217 829 1310 injurium
846 1230 896 1286 est
912 1241 983 1286 esse
997 1215 1161 1287 omnibus.

220 1327 277 1396 Sr.
298 1323 463 1416 Injurium
484 1335 595 1392 autem
611 1336 662 1392 est
675 1321 790 1392 ulcisci
807 1323 1034 1410 adversarios,

218 1433 286 1500 Aut
303 1453 369 1524 qua
390 1429 444 1496 via
463 1443 597 1523 captent
616 1443 650 1498 te
666 1427 733 1513 illi,
756 1427 872 1498 eadem
889 1431 979 1524 ipsos
1000 1427 1096 1523 capi?
1149 1472 1171 1503 =.

165 1545 170 1556 '
219 1538 336 1624 Eheu,
357 1561 411 1604 me
424 1531 599 1606 miseram!
620 1559 681 1604 eur
697 1559 766 1604 non
780 1549 840 1606 eut
854 1536 944 1606 istaec
960 1535 1043 1605 mihi

254 1722 299 1783 6¹4.
312 1725 351 1773 Ne
360 1721 455 1790 cujusq.
466 1719 567 1774 Donat.
577 1735 601 1772 ts
611 1733 672 1774 ante
681 1725 731 1792 cuj.
777 1721 899 1788 blandis,
913 1723 961 1777 sed
974 1722 1087 1794 pecunia
1101 1720 1214 1776 minime
1223 1741 1298 1778 oom-

219 1801 311 1854 deesse
329 1811 415 1852 notat.
429 1830 465 1840 -
486 1801 613 1852 Misereor.
635 1801 732 1855 Fsem.
777 1801 921 1868 mendatis,
931 1815 957 1856 et
968 1802 1002 1859 de
1016 1799 1114 1874 quibus
1128 1800 1182 1854 dici
1195 1813 1296 1874 potest,

219 1882 316 1954 probat
329 1882 461 1941 miserear,
480 1877 541 1932 leet.
555 1879 687 1934 Bembini.
698 1906 732 1924 -ι
782 1881 1095 1945 «summissionem,
1108 1892 1298 1956 pretereaque

219 1965 259 2011 Ne
272 1961 432 2026 cujusquam,
443 1959 534 2029 suppl.
548 1961 683 2014 amatoris.
696 1991 733 2002 -
777 1963 847 2015 nihii.
858 1987 872 2007 υ

219 2042 432 2104 -Misersae‚sc.
446 2048 480 2089 te.
527 2089 531 2100 ,
812 2045 854 2108 69.
865 2041 917 2094 Pro
923 2043 1003 2110 pretio
1010 2039 1118 2106 ,Guelfi
1132 2059 1158 2105 1,
1165 2059 1298 2111 perpetuo.

253 2119 298 2172 65.
314 2123 476 2185 Quemquam.
484 2115 557 2188 Traj.
572 2116 631 2171 cod.
647 2139 732 2186 quem·
776 2131 812 2162 ’-
842 2124 1005 2190 Voluptatem.
1031 2117 1185 2173 Libidinem
1214 2141 1298 2177 vene·

217 2216 328 2264 eumque.
339 2195 389 2247 Alii
401 2214 537 2263 quemqus‚·
550 2196 582 2250 C.
602 2197 636 2251 G.
649 2217 685 2251 m.
703 2199 732 2250 in
775 2219 856 2254 reem.

117 2307 119 2314 ν
220 2293 304 2347 marg.
323 2293 478 2344 quemquem.
497 2305 532 2314 -
549 2279 613 2342 Quin
627 2281 731 2346 spolies,
812 2297 855 2350 7⁰·
876 2279 991 2345 Iliscine,
1009 2275 1106 2330 talibus
1119 2279 1297 2336 amatoribus.

218 2369 267 2412 ete.
280 2353 456 2427 Parrphmsis
468 2363 507 2408 est
525 2371 558 2408 ex
569 2355 616 2408 iilo
629 2353 729 2420 Plauti,
775 2363 926 2423 —Amabo,
936 2358 1013 2430 qussi
1025 2357 1143 2423 diceret,
1155 2377 1253 2425 quoeso.
1265 2391 1299 2400 -

219 2439 247 2491 in
258 2436 450 2502 Trucul.1,1r
462 2471 470 2499 ,
484 2435 516 2488 13
533 2445 559 2487 et
576 2453 649 2508 seqq.
657 2441 731 2490 Boecl.
777 2443 869 2494 Contra
884 2441 998 2491 insidiab.
1013 2437 1047 2490 H.
1065 2452 1091 2501 e,
1107 2453 1157 2510 prr
1173 2437 1238 2508 pari
1256 2452 1298 2492 re·

217 2547 254 2558 -
263 2514 364 2569 Totum
372 2513 438 2566 illud
445 2513 570 2586 intellige,
581 2539 595 2561 s
604 2516 732 2570 bmnibus
776 2519 855 2572 feres.
866 2519 988 2569 Insidiars'
999 2515 1117 2587 quidem,
1130 2515 1235 2568 maium
1245 2528 1298 2580 est:

216 2595 295 2670 bouis
301 2593 396 2668 spolies
403 2593 609 2648 etedsummem
614 2593 733 2667 inopiam
776 2597 822 2650 sed
835 2612 922 2650 contra
933 2598 1050 2648 insidiari
1057 2597 1168 2668 justum.

217 2677 343 2748 rediges·-
351 2679 559 2744 -Quemquam,
578 2689 733 2748 quemcum·
812 2692 857 2748 7¹.
868 2675 966 2749 Delph.
976 2674 1098 2738 ordinet,
1110 2689 1171 2726 tam.
1183 2679 1300 2726 mmdsm

217 2773 279 2828 que.
771 2762 881 2826 potesse
893 2758 1013 2822 omnibus,
1027 2757 1072 2824 inj.
1084 2769 1131 2808 est.
1146 2786 1183 2794 -
1195 2752 1294 2809 Eamd.

254 2837 297 2888 66.
314 2836 387 2886 θῆκ’.
397 2834 497 2886 Omnes
507 2833 573 2886 Μαι.
587 2835 698 2889 Boecler.
707 2851 734 2888 ut
775 2855 833 2890 esse·
849 2841 968 2889 omnibus.
981 2833 1085 2888 Eodem
1105 2832 1187 2886 modo
1199 2851 1297 2887 omnes

218 2916 258 2983 rie.
268 2912 312 2954 '—
327 2915 409 2975 Uein',
425 2924 476 2964 ete.
492 2913 574 2964 Deest
587 2931 688 2976 censes,
701 2924 732 2964 ut
775 2917 1066 2984 tractare—Injurium,
1076 2913 1200 2985 iniquum
1210 2953 1219 2980 ,
1230 2931 1298 2967 eon·

218 2994 253 3047 sit
264 3011 271 3046 :
284 2997 411 3042 'censesne
425 3006 452 3042 ue
468 2992 587 3042 exisnium
595 3027 603 3051 ,
618 3003 668 3044 ete.
681 2991 732 3043 vel
775 3006 817 3048 tra
827 2999 879 3069 jus,

217 3082 298 3138 certe,
310 3069 394 3123 doces.
406 3098 442 3110 -·
453 3069 730 3136 Eximiummelectum,
811 3091 854 3144 72.
871 3077 957 3127 Ulcisc.
974 3075 1136 3126 adversarios.
1150 3066 1225 3125 Dicit
1241 3091 1299 3126 non

217 3152 390 3226 precipuum,
399 3149 442 3202 sui
450 3165 566 3222 parcam.
577 3149 620 3203 Sic
626 3151 732 3201 eximius
774 3163 904 3206 amatores
919 3168 989 3218 esse,
1009 3151 1057 3206 sed
1070 3153 1250 3215 adversarios,
1266 3169 1298 3204 ex

121 3266 124 3272 ›
218 3249 315 3304 porcus
326 3241 366 3283 est
382 3243 533 3297 exemptusa
547 3245 625 3300 grege
632 3237 731 3301 ,atque
775 3232 828 3286 hoc
850 3229 925 3304 quod
944 3230 979 3284 ad
993 3231 1133 3284 libidinem
1148 3229 1205 3283 sine·
1224 3248 1300 3286 mer.

218 3313 334 3384 signatus
348 3321 422 3362 nota.
452 3352 458 3366 .
776 3311 841 3365 cede
850 3309 1037 3384 complendum
1056 3310 1192 3364 festinent.
1210 3313 1299 3380 Eugr.

254 3391 299 3461 67.
336 3392 438 3440 Illorum
463 3391 600 3456 quisquam.
630 3385 732 3440 Omnes
774 3388 922 3456 —Quoad
938 3390 1096 3444 sementes.
1111 3389 1299 3444 Eunuchum

219 3469 298 3525 codd.
309 3469 395 3523 Bentl.
404 3482 430 3523 et
438 3465 518 3521 Boecl.
531 3466 613 3536 quisq.
624 3471 729 3521 illorum.
775 3468 883 3526 Cheres
897 3469 1081 3523 meretricibus
1088 3468 1161 3522 idem
1169 3469 1305 3532 minatur,-

218 3553 378 3614 -Illonsm‚
391 3557 550 3602 amatorum.
559 3577 595 3589 -
603 3551 676 3602 Scito.
687 3547 731 3601 Sic
775 3549 850 3621 quod
858 3549 888 3600 h.
903 3547 923 3602 1.
935 3547 1184 3621 Syremrtoribus.
1196 3553 1265 3602 PerL

219 3630 286 3684 solet
295 3627 400 3682 doctior
409 3627 456 3700 qui
465 3637 504 3680 est
514 3625 731 3700 adrem,slloqui
811 3627 855 3699 73.
880 3629 929 3680 Illi.
949 3627 1030 3680 Abest
1048 3645 1064 3680 a
1083 3627 1132 3679 lib.
1152 3627 1254 3681 Bemb.
1273 3639 1301 3680 et

219 3708 362 3762 rudiorem.
775 3705 872 3780 Vslpy.
892 3706 975 3760 Adest
988 3705 1016 3759 in
1030 3706 1166 3779 plerisque
1177 3718 1204 3760 et
1218 3709 1250 3760 in
1263 3708 1299 3762 C.

255 3790 298 3840 68.
309 3795 385 3840 Paret
392 3783 479 3838 sulii
488 3785 731 3840 sese-Msusnd.
775 3785 809 3842 G.
820 3805 855 3838 ms
866 3813 902 3828 -
917 3791 974 3855 Qua
983 3789 1039 3851 via,
1053 3803 1105 3858 que
1119 3798 1185 3858 arte.
1200 3816 1237 3826 -
1249 3791 1296 3841 Ca-

216 3882 350 3934 pra-parer.
362 3896 397 3908 -
409 3871 451 3918 Ita
457 3879 573 3934 parem,
587 3863 625 3916 ita
638 3883 667 3918 se
676 3863 730 3920 dis·
771 3881 846 3936 pram
859 3880 900 3934 ts,
915 3863 1022 3919 student
1032 3865 1156 3937 decipere
1166 3878 1201 3919 te.

218 3955 309 4014 ponet.
323 3975 357 3984 —
372 3949 424 3997 Abs
436 3960 474 4008 ts,
483 3961 516 3998 ex
527 3955 566 4012 te,
575 3961 608 3996 ex
617 3953 732 3997 tuncor-
811 3953 853 4016 74.
862 3949 946 4009 Eheu,
961 3963 999 3998 me
1009 3945 1142 3997 miseram!
1162 3945 1298 3998 Dolorem

219 4041 292 4094 pore.
303 4053 339 4064 -
351 4025 483 4075 Blanditiis
497 4027 556 4090 suis,
566 4021 730 4078 sermonibus
775 4023 898 4095 exprimit
907 4039 974 4077 anus
986 4018 1123 4090 deformis,
1138 4025 1212 4096 quod
1227 4025 1298 4077 huic
