2864 4776
311 399 596 494 ιΡΗΟΒΜΙΟ.
624 402 730 472 Ά6Τ.
758 401 826 489 IV,
853 403 918 471 SC.
947 405 1020 470 III.
1132 427 1207 498 299

134 530 170 596 Si
192 529 235 596 ab
254 553 295 599 eo
309 530 390 598 nihil
409 530 482 619 fiet,
506 547 577 601 tum
596 530 687 603 hunc
703 533 842 618 *adoriar
860 533 1035 638 hospitem.

404 715 627 853 scuni
660 765 939 852 ΤΗΗΤΙΑ.
981 881 984 884 ‚
1080 739 1083 744 ’

185 1003 190 1076 j
227 991 439 1064 artuum.
470 993 601 1064 cnm.
634 980 863 1064 crunnus.
892 996 1114 1066 nnnrrno.

131 1190 174 1257 A.
191 1181 377 1282 Exspecto,
396 1211 496 1282 quam
517 1215 597 1257 mox
617 1191 755 1284 recipiat
772 1191 839 1260 huc
858 1215 928 1259 sese
945 1193 1043 1260 Geta.
1168 1217 1205 1256 ⁶05

134 1294 202 1363 Sed
215 1309 372 1388 patruum
394 1295 491 1363 video
510 1319 588 1364 cum
607 1309 705 1391 patre
723 1295 932 1366 adstantem:
953 1297 1008 1366 hei
1028 1295 1125 1367 mihi!

63 1455 69 1463 .
131 1401 245 1488 Quam
265 1401 382 1488 timeo,
401 1399 563 1470 adventus
575 1402 758 1497 hujus·quo
779 1393 934 1498 impellat
942 1401 1092 1498 patrem!

133 1509 178 1576 G.
196 1506 304 1575 Adibo
322 1507 448 1576 hosce:
464 1534 485 1576 o
503 1521 616 1577 noster
630 1510 785 1579 Chreme.
803 1514 868 1580 6Η.
888 1509 1043 1597 Osalve,
1064 1514 1159 1579 Geta.

131 1613 175 1682 6.
195 1614 318 1682 Venire
338 1612 467 1682 salvum
485 1615 626 1710 volupe'
628 1629 668 1685 st.
679 1619 752 1686 6Η.
770 1615 890 1686 Credo.
910 1619 951 1686 G
969 1615 1206 1728 Quidagitur?
1301 1661 1304 1667 ·

125 1719 197 1788 Cn.
213 1718 322 1786 Multa
338 1719 548 1804 advenienti,
564 1735 602 1790 ut
619 1722 671 1802 fit,
693 1747 782 1790 nova
797 1723 853 1790 hic
873 1722 1069 1816 compluria.
1165 1747 1205 1786 o..

78 1851 82 1857 ’
131 1826 178 1892 G.
197 1827 273 1892 Ita:
295 1825 336 1892 de
350 1827 541 1920 Antiphone
555 1826 723 1896 audistin.
716 1826 730 1882 d
748 1853 821 1922 quae
842 1828 938 1897 faeta.
957 1831 1022 1898 6Η.
1041 1830 1175 1898 Omnia.

129 1931 174 2000 6
193 1929 278 1998 Tun’
298 1929 426 2001 dixeras
445 1931 549 2000 huic?
570 1933 697 2002 facinus
715 1933 909 2029 indignum,
928 1917 1095 2003 Chreme!

129 2037 186 2106 Sic
203 2036 390 2106 circumiri?
410 2041 476 2108 Ι)Η.
486 2039 534 2106 Id
553 2064 630 2108 eum
649 2041 716 2109 hoc
736 2041 876 2134 agebam
898 2041 1122 2110 commodum.

126 2249 234 2322 plenius
244 2263 303 2321 pro
307 2253 400 2318 primo,
409 2253 525 2318 primum.
535 2281 570 2291 -
583 2257 610 2304 Is
620 2255 642 2302 si
720 2255 785 2307 608.
798 2259 820 2304 O
834 2269 897 2306 nost.
914 2257 1022 2308 Chreme.
1039 2255 1099 2306 Lib.
1111 2254 1203 2308 Bemb.

127 2333 182 2392 dat,
195 2345 232 2381 sc.
242 2329 397 2401 Demipho.
686 2353 700 2382 ο
714 2335 782 2383 salae
795 2345 859 2385 nost.
878 2335 934 2386 etr.

164 2411 225 2470 604.
242 2411 301 2462 Fiet
316 2408 449 2480 Alii‚fiat.
462 2387 575 2461 -Tmir
590 2410 641 2463 Ed.
722 2413 783 2479 609.
809 2414 897 2464 Venire
921 2415 1022 2462 salvum.
1050 2411 1115 2465 ΜΘΗ
1135 2415 1202 2468 We.

126 2505 173 2538 au.
189 2489 266 2556 1469,
282 2502 372 2540 mmor.
382 2489 449 2537 -Si
463 2491 496 2537 ab
510 2507 574 2540 eon.
582 2493 639 2560 fier
685 2488 746 2542 add.
762 2504 845 2542 ια-
812 2493 964 2560 —Volupe.
978 2491 1009 2543 C.
1028 2479 1063 2542 G.
1077 2509 1115 2543 m.
1131 2498 1204 2544 volu-

125 2567 155 2620 si
168 2567 266 2619 abhoc
280 2567 365 2619 nihil'
358 2577 507 2638 impetrem.
516 2599 550 2608 —-
558 2573 640 2630 Ηιιιιε,
680 2583 748 2634 pras.
761 2599 796 2608 -
808 2571 897 2618 Venire
907 2573 1009 2620 salvum.
1023 2567 1119 2640 Suppl.
1130 2585 1203 2620 te.-

125 2647 310 2700 Chremetem.
325 2652 439 2714 -Hosp.
450 2652 543 2700 Astute
557 2651 640 2716 hospi·
688 2651 782 2714 Vohpe
795 2651 830 2698 ’sc
840 2647 955 2700 Gratum
967 2649 1203 2718 jucundum.,Vox

125 2741 189 2790 tem,
208 2726 242 2778 de
258 2745 290 2779 eo
302 2725 348 2794 qui
359 2727 528 2796 supervenit:
541 2745 640 2780 nomen
685 2737 778 2790 vetus,
791 2725 877 2797 posita
901 2725 1021 2780 adverbii
1038 2727 1100 2780 ritu.

125 2817 218 2874 aptum
239 2804 401 2876 imprudenti
428 2823 537 2866 rerum,
561 2817 645 2877 atque,
720 2807 782 2858 610.
800 2806 1050 2876 compluria.Antiq.
1062 2809 1157 2874 pluria.
1170 2810 1202 2860 ln
1284 2835 1289 2850 ι

125 2884 215 2936 alieno
226 2885 261 2937 ab
270 2903 361 2956 earum
372 2885 489 2938 seientia.
503 2892 567 2938 Don.
684 2885 716 2936 6.
728 2883 762 2938 G.
772 2903 810 2938 m.
824 2891 961 2954 complura.
981 2915 1016 2924 -
1034 2890 1117 2938 Malea
1129 2891 1203 2938 adve-

160 2960 639 3028 Senatuerroremcumulandum,
683 2966 772 3027 nienri,
794 2977 845 3017 etc.
873 2963 1007 3018 Ordinem
1031 2983 1063 3018 ac
1094 2984 1201 3019 sensum

123 3057 239 3112 persona
260 3045 420 3114 Antiphonis
439 3043 636 3117 interponitur:
681 3045 827 3096 verborum
847 3053 908 3096 tene
927 3045 989 3096 ita:
1020 3050 1101 3096 Multa
1121 3045 1201 3098 adve-

124 3133 155 3174 ut
171 3121 197 3174 ei
208 3122 322 3174 adaucto
332 3134 405 3175 metu
417 3123 557 3177 amittendi
570 3141 637 3176 uxo·
681 3123 765 3174 nienti
778 3123 846 3174 mihi
862 3126 914 3184 hic,
933 3138 960 3174 ut
966 3127 1017 3193 fit,
1033 3136 1199 3186 narrantur,

122 3201 171 3266 ris,
179 3203 266 3272 major
272 3203 313 3256 vis
324 3202 371 3266 fiat
377 3204 522 3274 repentine
532 3203 636 3256 teritio.
681 3202 752 3256 inter
764 3219 823 3274 quae
836 3222 899 3254 nova
913 3214 976 3254 sunt
990 3207 1133 3270 compluta.

123 3286 192 3332 Dor.
717 3285 777 3335 611.
791 3285 842 3334 Itu.
857 3281 925 3334 Sane
938 3299 1029 3333 verum
1044 3281 1118 3334 dicis.

159 3359 221 3412 605.
234 3365 289 3411 Huc
304 3379 330 3412 se
341 3379 390 3414 rer.
403 3360 455 3413 Alii
468 3374 524 3414 no'n
537 3362 637 3414 hahent
716 3363 777 3413 612.
791 3360 849 3412 Tun’
863 3363 965 3411 dixeras
977 3363 1042 3411 huic.
1058 3361 1121 3413 Haeo
1131 3360 1199 3414 Geta

122 3441 181 3490 Irae.
197 3467 230 3476 —
246 3445 324 3508 Exsp.
345 3460 421 3508 quam
444 3441 637 3494 mox.1ntota
681 3439 716 3493 ad
739 3439 934 3508 Demiphonem
958 3437 1065 3491 herum.
1085 3441 1198 3494 Veretur

120 3520 174 3570 hac
193 3533 285 3580 scena,
309 3534 366 3574 sese
388 3539 444 3572 non
462 3521 636 3592 conspicuum
680 3519 822 3582 Boeclerus,
834 3531 860 3572 et
870 3517 974 3581 merito,
981 3535 1015 3570 ne
1027 3518 1143 3570 nimium
1157 3539 1200 3573 ex·

122 3597 188 3650 sacit
198 3595 325 3670 Antipho.
680 3599 778 3670 quisita
806 3598 840 3650 sit
867 3597 966 3670 Guyeti
992 3597 1197 3668 interpretatio:

158 3679 217 3748 607.
231 3683 309 3748 th'us·
316 3720 323 3746 ,
332 3679 488 3734 Chremetis.
502 3679 561 3733 Hoc
569 3679 635 3733 dicit
679 3684 769 3730 Nonne
777 3680 935 3746 proedtlccras
948 3681 1005 3728 huic
1018 3681 1144 3745 dereptum
1163 3684 1195 3730 ἰή

118 3755 205 3821 clam,
218 3769 244 3810 et
262 3753 329 3810 nulli
347 3777 440 3812 eorum
461 3760 507 3830 qui
527 3773 589 3812 sunt
607 3759 634 3811 in
679 3777 695 3809 a
714 3759 851 3818 lenonibus.
866 3788 902 3798 -
920 3759 1027 3832 Facinus
1046 3759 1195 3824 indignam,

118 3853 198 3890 scena
212 3835 283 3888 vi'sus
291 3849 341 3892 aut
353 3837 469 3891 auditus.
481 3869 516 3878 -
528 3843 582 3905 Quo
590 3841 635 3889 im·
680 3841 795 3890 Chreme!
805 3843 907 3891 Iratum
917 3855 945 3889 se
958 3835 1035 3907 fingit
1043 3853 1136 3890 servus
1148 3837 1197 3890 sal-

113 3919 197 3984 pellat
207 3930 314 3982 patrem.
327 3906 428 3970 Recte:
451 3933 513 3969 nam
532 3915 636 3969 dixerat
679 3917 720 3969 lax
735 3929 761 3969 et
774 3917 930 3970 retorridus.
952 3939 956 3950 ¹

119 3994 191 4063 idem
218 4013 314 4065 supra,
338 4013 376 4049 vs.
400 3999 474 4058 461:
498 3995 543 4048 «Is
562 3995 633 4067 quod
717 3996 825 4048 613st
842 3997 964 4046 cnrnlroc.
987 3995 1019 4045 L.
1040 3994 1121 4066 antiq.
1141 4015 1194 4046 cum

115 4073 204 4136 ¹mihi,
224 4087 299 4128 etc.»
586 4095 589 4102 ·
682 4077 729 4124 hoe
742 4078 775 4124 id.
796 4106 831 4116 -
852 4076 991 4139 circumiri,
1013 4073 1116 4146 decipi,
1131 4073 1196 4127 salli·
