2864 4776
354 343 610 414 ruoruro.
638 345 747 413 Aer.
775 348 820 430 v,
845 348 915 416 sc.
938 350 980 416 x.
1063 337 1081 357 ‘·
1122 352 1199 450 3¹49
1234 421 1237 428 .

125 469 227 532 Salve.
246 465 352 532 Nemo
373 482 421 530 est
444 465 592 531 omniurn
611 487 708 552 quern
727 487 788 555 ego
806 468 906 556 magis
934 491 1024 533 nunc
1043 493 1197 560 cuperem

261 590 359 655 quarn
377 583 430 632 te:

126 673 209 735 Pno.
227 670 329 734 Narra
344 669 428 733 istuc
445 690 573 756 quaeso,
591 667 672 755 quid
688 669 756 733 siet.
776 668 863 734 ΡΜ.
881 672 988 734 Immo
1004 693 1065 761 ego
1087 689 1119 739 tc
1138 678 1198 742 oh-

257 793 348 836 secro
364 771 492 853 hercle,
515 786 554 833 ut
567 769 688 834 audias.

109 883 113 889 ’
128 874 202 938 Mea
218 872 385 960 Pamphila
402 872 480 937 ciris
494 871 600 936 Attica
616 887 679 948 est,
699 887 733 935 et
751 871 887 956 nobilis,
1146 893 1197 932 10⁶⁵

125 977 169 1039 Et
183 974 281 1039 dives.
296 975 378 1038 Pno.
397 973 487 1056 Quid
500 973 545 1037 ais
557 973 571 1035 t
584 976 697 1054 Anne,
716 973 870 1054 obsecro,
887 975 1054 1041 somnias?

125 1077 214 1139 Pena.
228 1076 313 1139 Vera
329 1075 438 1140 hercle
457 1096 564 1138 narro.
584 1074 666 1138 Puo.
685 1072 750 1138 Sed
763 1067 796 1138 c't
808 1075 873 1138 hoc
888 1091 976 1140 recte
994 1075 1130 1142 dicitur:
1146 1091 1154 1108 ⁸

125 1182 250 1244 Verum
263 1195 358 1268 putes
375 1179 464 1243 haud
477 1201 579 1268 aegre,
600 1175 690 1266 quod
703 1177 795 1241 valde
810 1195 950 1267 expetas.

126 1283 213 1346 Pur..
232 1283 339 1346 Immo
355 1280 448 1359 audi,
466 1303 591 1369 quaeso,
611 1301 683 1368 quae
700 1279 805 1344 dicam
824 1281 906 1345 mira
922 1282 1042 1365 omnia,

126 1367 232 1470 quue
248 1382 329 1446 adeo
345 1385 474 1447 inecum
491 1381 607 1446 tacitus
623 1381 787 1470 cogitans,
806 1379 906 1445 modo
1146 1416 1196 1456 ¹⁰70

125 1485 228 1572 Erupi
247 1485 282 1548 in
301 1485 388 1548 illam
405 1505 503 1570 quant
522 1482 640 1547 audisti
656 1482 874 1547 sententiam:

125 1585 220 1648 Nutu
236 1587 400 1668 Deorum,
414 1607 483 1648 non
499 1607 583 1648 caeco
601 1605 677 1648 casu
695 1583 763 1672 regi

127 1688 169 1750 Et
184 1709 245 1750 nos
264 1701 297 1750 ct
313 1703 434 1750 nostra.
453 1685 535 1751 Puo.
549 1687 620 1750 lam
638 1684 766 1749 dudum
782 1684 882 1747 animi
900 1685 1040 1772 pendeo.

126 1793 213 1856 Pan.
233 1791 466 1856 Phanocrntem
483 1791 593 1856 nosti?
616 1789 698 1854 Pno.
723 1789 894 1876 Tanquam
917 1805 959 1855 te.
988 1791 1074 1857 Pan.
1102 1793 1198 1857 Illum

258 1890 389 1954 divitem
403 1890 417 1953 Ρ

125 1993 208 2056 Pno.
221 1992 343 2056 Tenco'.
362 1992 449 2056 Prin.
466 1992 561 2056 Pater
577 2007 626 2055 est
641 1993 668 2055 is
681 1990 867 2078 Pamphilae.
879 1991 930 2055 Ne
943 2006 976 2056 tc
992 2013 1112 2076 morer,
1146 2013 1196 2065 ¹⁰7⁵

127 2095 180 2158 Sic
198 2116 232 2158 sc
247 2116 299 2158 res
313 2093 437 2156 habuit.
452 2093 569 2157 Servus
586 2093 664 2156 huic
678 2092 811 2156 Calchas
830 2107 914 2173 erat,

127 2195 295 2282 Nequam,
319 2193 482 2258 scelestus.
499 2195 530 2260 ls
550 2192 649 2258 domo
667 2193 823 2281 aufugere
838 2215 973 2280 parans,

127 2346 271 2397 dulcissime.
284 2348 329 2396 Est
346 2345 453 2395 hominis
467 2347 600 2404 fortunali,
612 2345 638 2393 ln
683 2354 742 2402 ctivi
755 2369 842 2416 verus,
857 2369 874 2400 a
881 2389 890 2412 ‚
914 2369 963 2400 um,
975 2380 1011 2390 --
1026 2354 1107 2403 Valde
1122 2371 1198 2419 cxpe-

126 2427 201 2474 verba
210 2425 358 2474 blandientia
369 2435 393 2474 et
406 2426 483 2474 amica
496 2441 548 2474 aeae
558 2425 640 2473 effun-
684 2445 733 2491 tas,
747 2449 809 2498 pro,
823 2431 895 2480 valde
908 2432 964 2495 quie
978 2443 1083 2497 expetat.

128 2505 194 2554 dere.
211 2508 325 2570 Nempe,
341 2516 370 2554 nt
385 2505 474 2554 cecinit
487 2517 583 2554 nostrae
593 2503 638 2553 Be-
722 2527 796 2572 107⁰·
816 2511 900 2567 Adeo,
912 2507 978 2559 ideo,

128 2601 237 2650 '⁶⁶80'ss
722 2605 796 2652 1071.
810 2591 890 2652 Quam
898 2586 1006 2647 audisti,
1019 2605 1055 2638 ac.
1066 2605 1103 2637 vs.
1119 2591 1195 2640 1055.

208 2671 234 2709 le
243 2669 315 2722 plaisir
326 2667 377 2708 rend
384 2667 444 2707 l'ame
455 2667 473 2707 ti
485 2666 559 2707 bonne.
722 2685 797 2730 1072.
806 2669 874 2715 Nm
883 2669 999 2718 Deorum,
1010 2668 1137 2718 Chudjm,
1147 2669 1196 2720 ιώ.

167 2748 243 2800 1063.
266 2750 379 2814 Cuperem
404 2763 479 2812 quam
502 2759 535 2797 te.
559 2747 638 2812 Snpp.
684 2763 757 2812 supra
781 2747 879 2796 citato:
916 2757 997 2794 «tnnc
1019 2748 1100 2796 omnia
1127 2749 1198 2799 rebar

127 2831 227 2879 obviam
238 2829 299 2876 mihi
311 2828 403 2877 venire.
600 2843 602 2849 ·
685 2825 796 2875 Consilio
809 2824 904 2874 firmata
914 2827 971 2874 Dei.
983 2847 996 2868 ι·
1009 2853 1044 2862 -
1063 2825 1120 2875 Non
1133 2844 1198 2876 coeeo

168 2907 514 2970 1064.1stu0.80tt.pr0pter
532 2903 601 2969 qnod
613 2914 641 2952 tu
685 2923 753 2955 casu.
770 2905 853 2964 Idem,
871 2903 978 2953 ibidem:
993 2926 1006 2946 α
1019 2939 1061 2954 ...
1073 2922 1106 2954 an
1117 2907 1198 2955 nullm

129 3003 256 3056 tantopere
267 2988 366 3053 gaudes.
684 2985 773 3033 inesset
796 2987 903 3042 Rector,
927 2994 951 3031 et
974 2982 1067 3032 incerto
1094 2985 1199 3034 fluerent

168 3071 243 3118 1065.
266 3071 326 3116 Mea
345 3063 492 3131 Pamphila,
514 3074 561 3114 etc.
588 3065 641 3112 Hac
685 3064 796 3112 mortalia
810 3079 901 3112 casu.»

130 3166 201 3198 scena
214 3147 371 3208 addita,hnic
384 3145 538 3211 providetur,
550 3154 578 3192 ut
591 3160 641 3191 am·
723 3143 798 3203 1073.
816 3143 851 3189 Et
871 3157 915 3188 nos
942 3151 967 3188 et
990 3152 1084 3190 nostra.
1107 3145 1196 3193 Horat.

128 3229 163 3277 bo
173 3231 275 3290 juvenes
286 3227 313 3274 in
327 3226 435 3290 legitimo
449 3227 604 3288 acquiescant
617 3233 641 3272 et
684 3229 741 3274 Art.
753 3226 824 3272 Poct.
839 3237 877 3269 va.
888 3221 921 3268 63
931 3233 937 3267 ε
949 3219 1095 3268 «Debemur
1107 3223 1198 3282 mord,

129 3307 234 3356 honesto
256 3303 425 3362 matrimonio;
449 3303 518 3368 quod
544 3303 571 3350 in
588 3303 641 3366 ipsa
685 3319 731 3352 noa
748 3312 897 3364 nostraque,
914 3309 978 3347 etc.»
993 3326 1029 3336 —
1046 3299 1132 3348 Animi
1140 3317 1198 3364 pen·

130 3385 239 3435 Terentii
252 3385 346 3442 fabula,
359 3399 392 3431 ex
404 3381 553 3446 Antiphonia
565 3381 641 3430 soline
685 3381 731 3428 deo
738 3416 748 3439 ‚
760 3391 903 3444 exspectem
916 3377 978 3442 qnid
992 3377 1023 3426 ait
1032 3391 1180 3430 narraturus.

129 3477 199 3531 parte
209 3501 217 3526 ,
229 3464 371 3528 contigerat.
385 3461 447 3510 Satis
466 3476 524 3524 ergo
540 3461 641 3508 concin-
723 3467 797 3519 1074.
812 3460 941 3520 Tanquam
952 3466 983 3506 te.
1001 3457 1113 3504 Formula
1130 3457 1197 3507 affir.

130 3562 190 3594 num
203 3544 281 3592 videri
298 3543 388 3607 poterit
403 3539 467 3589 illud
486 3539 640 3588 additamen·
685 3535 768 3584 mandi
780 3553 831 3583 rem
844 3533 1002 3597 huiuamodi,
1019 3550 1074 3597 qnae
1091 3539 1200 3586 occurrit

129 3635 193 3674 tum:
204 3623 266 3672 vid.
277 3633 331 3670 not.
342 3619 416 3668 initio
430 3634 517 3668 accnae.
686 3631 773 3678 snpra,
788 3631 823 3664 va.
837 3615 880 3662 65.

169 3704 244 3762 1067.
253 3699 303 3748 Sed
312 3710 337 3746 et
349 3697 405 3747 ltce.
417 3694 464 3746 llic
476 3697 556 3745 verbis
566 3696 643 3744 sedet
723 3693 799 3756 1075.
815 3695 909 3753 Teneo,
924 3693 1036 3758 intelligo
1044 3711 1118 3759 quem
1128 3695 1198 3744 dicis.

130 3781 218 3830 alludit
229 3779 261 3827 ad
272 3779 340 3844 prins
358 3777 460 3824 effatum
480 3776 549 3840 qnod
565 3791 641 3823 enun-
685 3773 873 3838 —Pampln’loe,
885 3789 958 3837 qnam
969 3773 1062 3822 ecilicet
1071 3785 1135 3822 amat
1146 3791 1201 3838 per·

131 3861 203 3910 tiavit
215 3858 341 3917 Phaedria,
356 3873 393 3904 ve.
409 3855 492 3916 10553
509 3865 534 3903 et
546 3853 639 3903 indicat
687 3851 737 3900 dite
753 3852 878 3912 Phaedria,
902 3862 926 3900 et
944 3868 1017 3916 qnam
1033 3851 1108 3900 habet
1121 3853 1199 3902 Dorio

131 3941 226 3988 aeitem
236 3936 305 4000 loqui
317 3933 509 4001 proverbialiter.
586 3943 588 3948 '
684 3932 840 3996 mancipium.
961 3939 966 3948 ¹

170 4019 244 4068 1068.
265 4018 363 4064 Vemm.
378 4013 499 4062 Neutrum
516 4022 552 4060 eet
572 4011 638 4077 adje·
723 4027 798 4072 1077.
822 4011 900 4058 Domo
922 4005 1041 4076 ausugere
1061 4027 1118 4074 par.
1132 4011 1201 4060 Deli·
