2824 4778
211 357 284 430 280
426 361 611 431 PUBLII
638 361 896 432 TERENTII
923 363 1047 432 AFRI

209 491 244 559 si
259 487 338 586 quid
353 513 438 586 opus
454 490 566 578 fuerit,
579 487 675 560 heus!
695 491 796 562 domo
811 517 875 562 me.
891 495 933 564 G.
948 491 1111 589 intelligo.
1244 522 1286 564 sro

461 686 682 791 senua
714 689 1018 804 Qunam.

239 890 458 962 DEMIPHO.
486 891 616 962 GETA.
644 895 798 963 HEGIO.
827 895 1062 966 CRATINUS.
1091 895 1244 991 CRITO.

210 1075 274 1142 Du.
290 1073 426 1161 Quanta
444 1065 498 1140 uie
516 1095 595 1141 cura
617 1085 651 1140 et
665 1069 883 1142 sollicitudine
899 1071 1004 1142 afficit
1071 1083 1074 1091 “

210 1181 357 1266 Gnatus,
383 1179 439 1273 qui
457 1203 511 1246 me
529 1191 563 1246 et
580 1203 615 1247 se
628 1177 720 1248 hisce
737 1177 909 1272 impedivit
925 1175 1069 1274 nuptiis!

208 1284 326 1379 Neque
345 1285 457 1353 mihi
448 1309 482 1352 m
501 1298 716 1378 conspectum
731 1283 860 1378 prodit,
881 1299 919 1353 ut
935 1284 1050 1354 saltem
1065 1287 1187 1410 seiam,

210 1390 301 1479 Quid
315 1390 481 1460 debuere
495 1388 583 1458 dicat
588 1389 731 1484 ,quidve
743 1393 784 1459 sit
795 1392 974 1460 sententias.

210 1496 339 1582 Abi,
307 1521 393 1584 urse,
415 1495 615 1565 redieritne
603 1521 695 1589 Jam,
715 1519 758 1564 an
775 1496 924 1566 nondum
938 1497 1087 1566 domum.
1239 1486 1280 1566 tu

211 1605 252 1672 G.
267 1607 327 1672 Eo.
344 1550 409 1672 Dis.
427 1601 572 1688 Videtis,
590 1628 657 1696 quo
676 1603 711 1670 in
728 1601 803 1672 loeo
819 1628 871 1672 res
885 1604 956 1672 haec
973 1604 1043 1672 siet.

210 1709 301 1797 Quid
319 1707 403 1803 agol
420 1708 490 1797 dic,
509 1711 629 1803 Hegio.
653 1711 694 1777 H.
714 1707 806 1803 Ego?
819 1711 993 1778 Cratinum
1009 1703 1144 1792 censeo,

209 1815 243 1883 si
259 1816 319 1884 tibi
330 1815 492 1885 videtur...
507 1817 573 1884 Du.
591 1816 672 1904 Die,
689 1817 832 1886 Cratine.
848 1818 937 1885 Can.
954 1817 1054 1884 Mene
1069 1812 1140 1882 vis?

210 1922 276 1990 Du.
288 1923 345 1990 Te.
361 1921 448 1990 Cas.
468 1923 541 2016 Ego
554 1946 627 2016 quae
642 1923 676 1989 in
689 1947 759 1990 rem
771 1935 864 1990 tuam
883 1923 966 2010 sint,
984 1947 1023 1990 ea
1035 1919 1135 1990 velim
1153 1919 1254 1990 facias
1270 1947 1278 1987 :

370 2026 453 2094 mihi

211 2132 344 2202 Sichoc
358 2131 514 2200 videtur:
533 2132 623 2226 quod
643 2147 676 2202 te
696 2134 830 2203 absente
850 2133 906 2203 hie
925 2131 1011 2202 filius
1238 2163 1281 2208 ιι..

211 2238 307 2332 Egit,
328 2238 455 2305 restitui
468 2238 501 2304 in
518 2238 700 2332 integrum,
715 2263 846 2332 aequum
868 2263 907 2309 ac
927 2239 1052 2308 bonum
1068 2252 1133 2324 est;

212 2345 256 2412 Et
272 2342 306 2411 id
321 2341 511 2436 impetrabis
528 2368 536 2412 ε
555 2341 633 2411 dixi.
648 2346 712 2412 Du.
734 2347 799 2414 Dic
814 2369 926 2433 nunc,
947 2347 1063 2440 Hegio.

212 2525 324 2578 latinum
357 2527 436 2588 dica,
469 2527 554 2587 diere,
586 2541 601 2576 e
634 2541 721 2594 graeco
802 2521 1281 2588 dibdbimise.AliAbitu,ue'se.-

212 2603 284 2670 δίκη,
298 2605 345 2668 lis,
358 2623 446 2659 causa.
459 2635 495 2645 -
507 2607 581 2670 Dixi,
593 2608 720 2672 Demipho.
766 2607 822 2667 Abi,
831 2625 858 2656 u.
867 2617 917 2658 eto.
927 2599 989 2657 Haec
998 2603 1032 2658 ad
1041 2603 1134 2670 Getam
1142 2603 1278 2658 dicuntur.

211 2687 281 2739 Mire
287 2685 519 2738 comminationem
530 2684 723 2738 etlerocitatem
802 2691 862 2755 447.
879 2687 945 2752 Quid
956 2693 1024 2753 ago?
1035 2682 1108 2748 Quid
1120 2684 1188 2736 mihi
1201 2704 1281 2756 ugen-

211 2766 268 2837 ejus
280 2765 395 2818 imitatus
408 2775 446 2817 est
458 2764 538 2818 simili
551 2765 642 2816 verbo.
656 2769 721 2816 Dor.
767 2765 832 2820 dum
841 2764 1025 2818 estiFormula
1037 2762 1180 2816 consilium
1189 2777 1281 2834 peten-
1342 2795 1345 2800 ·

243 2850 308 2906 440.
318 2845 344 2892 Si
352 2845 568 2910 quidopussuerit.
579 2843 723 2896 HmcGetre
768 2843 844 2895 tium.
860 2872 896 2882 —-
913 2845 1037 2894 Cratinum
1056 2861 1154 2904 censeo,
1171 2843 1227 2896 scil.
1245 2841 1281 2894 de

212 2920 373 2974 insusurrari
393 2939 408 2972 s
430 2920 590 2973 Phormione
610 2921 724 2972 abeunte
767 2921 895 2974 sententia
917 2938 964 2972 sua
980 2919 1094 2991 priorem
1114 2920 1280 2992 interrogau-

211 3001 311 3054 debeut
319 3017 327 3064 3
341 2998 414 3070 quod
427 2999 503 3052 aliter
517 2999 633 3050 Donatus
645 3009 723 3069 puta·
766 3001 842 3054 dum.

213 3081 261 3136 vit.
280 3109 315 3120 -
332 3084 412 3131 Dorou
431 3098 486 3142 me,
497 3077 562 3130 scil.
586 3077 721 3145 evoeubis,
802 3088 864 3150 449.
886 3085 927 3135 Te.
941 3077 1059 3146 Quidam
1077 3090 1218 3134 extrusum
1234 3099 1282 3134 vo-

213 3178 341 3216 aecerses.
765 3157 840 3220 lunt.¹
848 3189 880 3200 -
894 3166 956 3227 Qua·
967 3163 992 3211 in
1003 3178 1054 3212 rem
1065 3175 1132 3212 tumn
1142 3164 1199 3212 sine.
1213 3162 1282 3226 Quae

247 3243 290 3298 So.
310 3259 348 3295 ιι.
363 3239 426 3292 Haeo
445 3235 616 3308 deliberative
629 3247 680 3298 est,
694 3234 723 3289 in
765 3236 818 3290 tuis
828 3239 975 3294 commodis
984 3239 1086 3312 possint
1100 3239 1197 3294 lavere.
1242 3269 1254 3277 ··

213 3341 266 3394 que
284 3333 338 3374 tres
360 3316 481 3372 advocati
503 3327 566 3369 sunt
584 3333 591 3366 τ
608 3334 723 3388 quorum
804 3316 864 3382 450.
876 3321 903 3368 Si
913 3321 960 3370 Ιιοσ
971 3322 1078 3371 m'detur.
1091 3319 1282 3392 Explicatsen-

214 3419 282 3454 unus
290 3399 464 3466 suadet,alter
473 3395 614 3463 dissuadet,
623 3398 725 3462 tertius,
768 3396 875 3449 tentiam
884 3416 960 3450 suam
969 3398 997 3450 in
1007 3397 1045 3450 eis
1054 3416 1114 3469 quse
1124 3411 1280 3471 sequuntur.

104 3489 109 3496 “
214 3479 302 3554 quise
319 3477 439 3532 alterutri
457 3475 555 3532 addere
575 3475 723 3544 debuisset,
769 3507 803 3516 -
822 3481 895 3544 Quod
909 3480 949 3530 tic
963 3475 1282 3548 egirfilius..Alludit-ad

214 3557 344 3632 ejusmodi
363 3557 518 3611 sententiam
531 3555 594 3610 dicit
601 3567 663 3624 ‚ut
666 3575 724 3610 rur-
768 3555 882 3627 nuptias.
941 3577 942 3580 ¹

157 3629 159 3638 ’
214 3658 272 3693 sum
299 3636 488 3692 deliberatione
511 3653 578 3705 opus
601 3653 657 3689 esse
685 3636 725 3690 vi·
792 3636 1005 3696 451.Bon.esr.
1029 3635 1094 3689 We.
1117 3638 1283 3706 partuum

193 3719 315 3773 ‘deatum
769 3733 826 3766 esse
829 3716 984 3768 -Itesauu
974 3735 1000 3764 m
1008 3717 1133 3784 integrum.
1144 3714 1283 3780 Rescindi,

251 3793 311 3862 aar.
320 3798 413 3870 afficte.
423 3796 452 3851 C.
463 3793 495 3846 G.
506 3811 540 3845 m
553 3793 648 3846 etMss
659 3794 723 3848 We.
769 3803 795 3844 et
816 3793 844 3846 iu
866 3810 926 3852 eum
948 3793 1040 3866 reponi
1059 3804 1157 3846 statum
1177 3794 1205 3846 in
1227 3813 1309 3865 quo·

217 3881 309 3948 ‹erecm
769 3882 845 3926 erant
859 3884 999 3943 antequam
1015 3870 1126 3938 fierent,
1143 3874 1255 3928 inlecta
1252 3885 1285 3926 et

253 3962 312 4019 44²·
325 3955 463 4020 Impedioit,
478 3950 615 4024 implicuit.
768 3951 842 4004 irrita
853 3950 994 4006 declarem
1018 3989 1021 3992 -

251 4033 311 4098 443.
327 4035 415 4084 Prodit.
429 4031 491 4096 Sub.
506 4031 549 4084 hic
559 4030 627 4085 filius
638 4047 720 4084 meus.
805 4032 865 4096 452.
878 4036 922 4098 Id,
937 4050 973 4086 so.
984 4051 1041 4088 rem
1053 4031 1156 4087 restitui
1168 4031 1196 4084 in
1208 4033 1282 4087 iute-
