2864 4776
290 362 545 431 PHORMIo.
574 361 682 430 ACT.
709 362 779 447 lv,
807 361 876 428 SC.
905 363 969 432 IV.
1086 359 1160 433 305

99 496 189 564 Nam
208 491 255 562 illi
272 494 354 560 mihi
373 493 483 560 dotem
498 493 567 586 jam
589 491 832 560 constituerunt
851 491 938 561 dare.
956 523 973 558 s
1123 518 1162 572 ⁶⁷⁶

100 605 168 671 CH.
186 603 261 669 Jam
283 600 439 692 accipiat,
456 596 518 668 illis
542 596 717 691 repudium
739 599 924 686 renuntiet3

98 710 198 776 Hanc
218 705 327 774 ducat.
345 707 410 773 De.
428 705 512 791 Quae
524 703 660 797 'quidem
680 701 742 771 illis
760 727 812 772 res
829 719 939 773 vortat
956 705 1056 776 male!

99 815 166 882 Cn.
190 815 389 906 Opportune
407 809 489 878 adeo
511 821 684 902 argentum
706 833 795 877 nuno
815 833 947 878 mecum
969 815 1082 898 attuli,

102 921 282 1003 Fructum,
302 941 400 1010 quem
420 915 538 983 Lemni
555 915 667 982 uxoris
683 913 827 984 reddunt
844 915 978 1008 praedia.

98 1023 184 1092 Inde
204 1046 350 1092 sumamz
371 1022 485 1109 uxori,
500 1021 560 1089 tibi
582 1045 665 1114 opus
688 1043 774 1106 osse,
789 1019 912 1090 dixero.
1126 1052 1165 1090 u.

354 1221 574 1309 sonus
614 1178 916 1330 Qusnrs.

352 1513 355 1520 ,
444 1434 657 1523 sumpno
688 1415 818 1502 essu.

98 1629 137 1694 A.
165 1619 265 1694 Geta!
287 1625 329 1693 G.
351 1615 454 1692 Hem!
481 1626 520 1690 A.
539 1619 631 1710 Quid
649 1613 771 1715 egisti?
793 1623 834 1690 G.
857 1585 1001 1693 Emunxi
1024 1634 1162 1723 argento

262 1753 364 1798 senes.

97 1840 137 1906 A.
161 1837 262 1906 Satin'
278 1834 312 1904 id
332 1832 399 1904 est?
419 1832 464 1960 G,
483 1833 604 1904 Nescio
620 1832 750 1916 hercle,
775 1847 905 1902 tantum
919 1835 1030 1928 jussus
1050 1864 1133 1910 sum.

133 2034 195 2105 675.
214 2036 268 2096 11ti,
282 2044 405 2104 parentes
418 2034 483 2110 ejug,
496 2063 532 2074 -
543 2037 607 2082 Jarr.
652 2031 737 2086 cunia.
746 2063 782 2074 -
791 2031 899 2101 Dixere,
909 2050 959 2108 pr'o
972 2041 1061 2092 dicarn'.
1072 2042 1163 2116 Jurgio

98 2115 148 2166 Vis
166 2114 253 2166 omnis
272 2123 310 2166 est
327 2113 354 2164 iu
374 2130 439 2165 voce
447 2115 513 2179 jam.
531 2109 610 2163 Unde
652 2111 852 2181 peraturloous.

98 2192 166 2247 adeo
180 2193 307 2246 Chremes
320 2189 478 2263 respondet,
493 2195 551 2241 lam
569 2209 610 2241 ac·
689 2191 732 2243 Sc.
753 2208 790 2242 ιν.
812 2193 844 2243 In
863 2192 914 2244 hnc
935 2206 1014 2248 sceno
1036 2197 1164 2257 iracunde

98 2275 182 2340 cipiet.
654 2269 798 2340 interroget
810 2270 947 2336 dominus,
959 2293 990 2327 so
999 2295 1090 2332 servus
1100 2281 1164 2335 sim·

133 2353 195 2419 676.
210 2351 331 2416 Accipiat.
350 2349 382 2400 L.
402 2347 483 2418 antiq.
498 2351 609 2416 accipiet.
654 2349 756 2418 pliciter
772 2351 925 2421 respondet.
945 2353 1063 2422 Scilicet,
1082 2358 1164 2414 inter-

90 2457 133 2470 ·-
154 2432 209 2480 Illis
233 2431 319 2495 repud.
341 2441 435 2478 renunt.
456 2425 534 2479 Dicat
557 2427 610 2478 illis
653 2429 740 2498 rogari
753 2447 781 2480 se
792 2428 1015 2492 credens,nnrret
1025 2435 1091 2504 quid
1105 2457 1164 2511 ege-

98 2527 214 2580 quorum
232 2506 286 2558 filia
307 2517 344 2559 est
365 2505 416 2576 ipsi
429 2504 571 2577 promisse,
583 2524 611 2557 se
655 2505 698 2558 rit.
719 2535 755 2546 -
771 2505 804 2558 In
815 2526 846 2558 eo
856 2521 974 2561 versatur
987 2510 1068 2577 hujus
1080 2534 1164 2574 scenae

96 2591 181 2660 ipsam
213 2585 376 2656 repudiare,
403 2583 500 2636 ducere
531 2583 611 2636 aliam
654 2585 911 2656 principium,quod
924 2589 1053 2660 Antipho,
1067 2595 1166 2658 nullius

96 2669 294 2736 hanc,nempe
302 2665 440 2716 Phanium.
654 2663 757 2715 artificii
782 2665 923 2726 conscius,
950 2667 1086 2723 invehitur
1108 2675 1165 2730 sine

133 2749 195 2816 677.
211 2747 274 2796 Illis.
294 2743 378 2795 Uxori
396 2753 423 2794 et
438 2739 548 2803 marit03
567 2741 610 2795 rel
654 2761 728 2794 more
742 2741 869 2794 adversus
883 2743 992 2810 Getam,
1004 2759 1031 2798 et
1043 2747 1102 2804 dire
1115 2754 1164 2808 im.

96 2823 206 2895 nuptiis.
216 2823 276 2874 Non
285 2820 381 2874 desinit
389 2818 610 2890 poetaostendere
652 2825 880 2890 precatus-contro
891 2839 1013 2886 sentum3
1034 2825 1100 2882 dum
1118 2831 1164 2888 hie

97 2903 237 2956 avaritiam
265 2899 460 2971 Demiphonis,
485 2897 609 2968 quince
652 2913 761 2961 eontra,
780 2900 827 2970 qui
841 2901 979 2974 egregiam.
989 2905 1083 2976 juveni
1099 2929 1165 2984 ope·

97 2981 160 3034 ideo
170 2980 283 3032 libenter
294 2979 344 3031 fert
353 2977 412 3030 dari
421 2975 521 3047 aliquid
532 2977 610 3031 Phor·
652 2995 709 3029 raro
729 2983 828 3031 nevere
844 2997 899 3032 non
914 2980 1029 3048 destitit,
1049 3005 1165 3046 remex.

97 3059 198 3119 mioni,
223 3059 286 3129 quia
315 3057 352 3110 sio
383 3055 553 3109 commodum
584 3057 609 3110 ei
651 3056 734 3127 plicat
749 3069 774 3109 et
792 3059 888 3111 sensim
901 3072 1092 3120 tumescentem
1102 3089 1165 3123 oon·
1194 3121 1198 3124 .

98 3150 145 3189 est.
169 3136 250 3206 Virg.
270 3135 428 3201 Ecl.1x‚6
446 3151 453 3186 :
471 3135 547 3187 «Hos
570 3135 609 3188 illi
653 3137 731 3188 futat.
749 3137 837 3190 Status
850 3136 920 3190 idem
936 3139 980 3192 ilie
993 3145 1111 3199 comicus
1124 3168 1164 3204 re·

98 3214 190 3286 (quod
202 3233 253 3268 nec
265 3216 334 3268 bene
351 3225 434 3266 vertat
442 3212 464 3282 l)
481 3213 609 3268 mittimus
652 3215 754 3285 peritur
767 3215 838 3287 apud
851 3217 1005 3282 Molerium,
1024 3214 1165 3294 I'Eeourdi,

96 3293 220 3346 haedos.»
232 3300 324 3344 Donat.
653 3307 704 3346 act.
717 3294 741 3356 I,
754 3313 789 3346 so.
800 3312 831 3359 x;
844 3295 891 3346 ubi
905 3295 979 3361 vide;
993 3310 1019 3350 et
1031 3300 1058 3352 in
1071 3321 1163 3358 comos·

134 3375 196 3444 678.
213 3378 285 3424 Nunc
299 3391 392 3424 meeum
404 3374 482 3423 aureli.
501 3372 609 3425 Cornice
653 3371 697 3424 dia
711 3391 790 3443 quarn
805 3385 907 3438 auctor,
918 3378 960 3426 AI.
973 3379 1064 3440 Piron,
1074 3382 1163 3438 inseri.

96 3464 239 3524 argentum
252 3464 347 3523 prosto
360 3462 412 3511 est,
426 3469 480 3522 quo
493 3469 609 3504 commo-
652 3449 705 3524 psit
721 3455 750 3502 Ia
769 3454 948 3520 Me'tromam'e,
966 3466 1018 3508 sot.
1029 3457 1074 3522 11,
1092 3480 1163 3518 scen,

96 3532 159 3584 dius
172 3544 331 3602 emungatur
342 3550 356 3582 a
371 3530 449 3583 Geta.
653 3548 689 3583 111
700 3540 727 3581 et
740 3547 775 3582 ιν.

133 3613 196 3679 679.
215 3612 306 3662 hinni.
326 3609 439 3662 Palmer.
458 3616 557 3662 lemno.
575 3639 610 3652 -
689 3609 750 3659 681.
773 3611 855 3658 Geta!
868 3609 1020 3682 Prorumpit
1039 3614 1164 3674 iracunde

95 3695 228 3752 Fructum,
243 3708 315 3756 quem
325 3692 422 3750 Lemni,
435 3699 484 3740 etc.
497 3687 610 3740 Fructus
655 3686 781 3756 Antipho.
805 3717 839 3726 -·
861 3693 979 3742 Emunxi.
1004 3691 1123 3766 Metaph.
1149 3720 1165 3753 a

95 3767 154 3837 agri
172 3777 199 3819 et
213 3767 253 3818 rei
266 3765 412 3819 familiaris.
423 3793 457 3807 —
470 3770 566 3828 Lernni,
582 3768 610 3819 in
655 3764 887 3837 quadrupedibus,
900 3769 997 3840 quihus
1008 3770 1051 3824 luc
1061 3777 1164 3831 subtro.

95 3846 165 3897 urbe
178 3847 292 3898 Lemno.
656 3856 729 3896 otum
744 3855 791 3898 est.

132 3925 196 3977 680.
208 3928 278 3976 Inde.
291 3923 333 3976 Al.
346 3927 381 3976 id.
394 3952 429 3966 -
444 3925 530 3976 Uxori.
539 3924 610 3976 Nau·
689 3924 749 3976 682.
760 3926 837 3976 Satin’
848 3927 876 3974 id
886 3934 972 3978 estu...
983 3939 1076 3981 tantum
1079 3935 1165 4001 jussus

93 4002 206 4056 sistratae
218 4003 319 4066 dicam,
339 4015 365 4056 te
378 4001 479 4074 eguisse
500 4001 549 4057 hac
565 4021 610 4075 pe·
654 4023 714 4058 sum.
725 4003 804 4057 Ludit
811 4005 952 4059 Terentius
962 4006 989 4058 in
999 4011 1167 4085 ambiguitate

150 4116 201 4180 II.
985 4143 1032 4188 uo
