2776 4782
237 353 462 422 HECYRA.
491 355 598 423 ACT.
627 355 695 440 IV,
722 354 791 422 SC.
818 356 883 424 IV.
1028 354 1103 428 203

11 513 13 520 ⁴
37 494 128 559 Pam.
155 488 249 556 Dum
270 511 314 554 ne
337 484 515 568 reducam,
539 483 676 554 turbent
697 509 819 579 porro,
840 510 940 580 quam
965 484 1078 556 velint.

39 599 100 664 Pn.
122 596 215 687 Ego,
231 589 420 686 Pamphile,
448 615 518 662 esse
534 592 621 660 inter
638 615 716 678 nos,
736 593 763 660 si
779 591 852 662 fieri
870 607 1001 687 potest,
1071 609 1109 650 ⁶³⁵

41 700 253 770 adfinitatem
273 699 361 768 hanc
379 722 458 768 sane
476 712 672 792 perpetuam
685 697 778 784 volo;
1171 702 1172 708 ’

41 810 95 878 Sin
111 821 178 895 est,
200 821 240 876 ut
254 803 348 874 aliter
366 819 423 874 tua
442 805 503 874 siet
521 805 700 888 sententia,

42 915 190 1008 Accipias
211 937 364 1008 puerum.
385 911 478 982 Pom.
496 912 604 980 Sensit
619 911 807 1004 peperisse;
825 899 956 982 occidil

44 1025 105 1090 Ln.
116 1017 287 1087 Puerum?
295 1043 398 1111 quem
420 1041 562 1112 puerum
578 1007 593 1076 i
609 1019 673 1086 Pa.
691 1018 797 1086 Natus
809 1032 860 1088 est
872 1018 969 1088 nobis
986 1037 1111 1114 nepos:

44 1127 128 1194 Nam
145 1125 287 1193 abducta
301 1147 321 1192 a
336 1124 433 1194 vobis
446 1147 622 1218 praegnans
635 1122 745 1195 fuerat
757 1121 848 1212 filiu,
1073 1147 1114 1189 eo

45 1234 157 1325 Neque
173 1230 273 1300 fuisse
291 1244 517 1325 pregnantem
531 1253 678 1324 unquam
696 1243 773 1300 ante
784 1231 875 1300 hunc
888 1231 970 1300 scivi
983 1230 1080 1300 diem.
1181 1223 1189 1238 ⁸

47 1341 108 1406 La.
123 1339 230 1423 Bene,
245 1338 291 1404 ita
308 1361 362 1408 me
379 1336 426 1406 Di
443 1351 556 1408 ament
571 1331 579 1406 l
601 1338 750 1424 nuntias,
766 1349 800 1407 et
815 1337 945 1434 gaudeo

48 1441 168 1511 Natum
186 1441 297 1530 illum,
319 1455 352 1512 et
366 1441 457 1512 illam
475 1441 600 1514 salvam
621 1469 629 1512 ι
650 1444 708 1512 sed
728 1444 808 1538 quid
827 1443 973 1514 mulieris

48 1552 193 1618 Uxorem
217 1549 321 1620 habes
336 1547 350 1616 i
367 1563 426 1620 aut
443 1550 562 1644 quibus
582 1565 746 1619 moratam
760 1550 939 1622 moribus?

50 1657 156 1725 Nosne
170 1655 237 1724 hoc
254 1654 376 1726 celatos
395 1648 552 1726 tamdiu?
571 1681 701 1750 nequeo
718 1659 814 1744 satis,
1077 1673 1116 1718 ⁶⁴⁵

53 1762 156 1849 Quam
177 1761 244 1830 hoc
265 1761 347 1832 mihi
365 1762 497 1832 videtur
514 1761 639 1832 factum
664 1787 783 1857 prave,
804 1762 969 1858 proloqui.

54 1869 111 1936 Ριι.
124 1870 201 1938 Νοιι
210 1866 361 1939 tibiillud
372 1867 498 1940 factum
509 1869 619 1939 minus
635 1868 756 1963 placet,
769 1894 869 1964 quam
883 1870 976 1958 mihi,
994 1868 1116 1938 Lache.

55 2041 203 2113 Pamphilus
218 2047 228 2112 (
241 2055 271 2096 ut
285 2041 398 2113 legimus
408 2048 427 2112 )‚
437 2043 485 2115 qni
495 2062 559 2114 gau.
604 2053 638 2087 ne
649 2033 721 2089 dicat
733 2055 762 2090 se
772 2037 887 2090 recusari
902 2057 1027 2101 uxorem,
1046 2037 1120 2110 Myr-

56 2119 97 2173 det
105 2122 190 2192 primo
199 2121 237 2176 iia
253 2122 385 2175 dimoveri
396 2141 412 2174 a
424 2133 506 2174 matre
518 2141 562 2174 su.
604 2115 689 2168 rhlnae
704 2120 766 2171 data
779 2118 890 2190 impedit
903 2117 980 2172 fides.
992 2121 1058 2170 Peri.

59 2202 211 2271 epimonem,
228 2216 286 2256 tum
305 2215 395 2274 sperat
410 2201 472 2255 inde
490 2203 560 2254 eflu-
641 2198 906 2266 639.Pucrum:²qnem
913 2207 1038 2270 puerum?
1049 2197 1119 2249 Bene

58 2281 123 2351 pum
133 2283 181 2334 sibi
194 2283 292 2355 parari.
304 2287 402 2344 -Εα,
413 2283 560 2354 Myrrhina.
605 2294 669 2329 cum
688 2277 902 2331 consternatione
924 2277 1006 2331 animi
1019 2296 1026 2332 :
1045 2275 1117 2352 quod

58 2367 135 2413 —Nos
139 2378 206 2430 pert
217 2376 256 2416 est
266 2381 344 2416 eume
354 2359 561 2434 perturbationis
606 2373 744 2428 nunquam
762 2357 845 2411 fando
860 2370 1009 2432 acceperat.
1022 2387 1056 2398 —
1070 2355 1120 2408 No·
1199 2407 1201 2410 .

59 2451 154 2494 nostra,
607 2438 643 2486 bis
648 2449 760 2508 ‚utpote
770 2440 836 2491 avis.

89 2520 145 2582 634.
160 2525 224 2570 Dum
237 2539 286 2582 ne,
298 2517 445 2570 dummodo
455 2537 517 2570 non
527 2549 562 2560 —
642 2519 703 2580 640.
716 2517 859 2584 Praegnans.
873 2517 903 2568 L
917 2516 1010 2569 Bemb.
1024 2516 1121 2568 etVat.

17 2611 22 2626 ¹
60 2601 172 2649 deducam
183 2557 425 2666 Philunienama-
438 2600 561 2659 nubent,
606 2605 673 2647 teste
693 2595 737 2647 Fa.
761 2615 949 2665 proegnasn-
969 2601 1120 2666 Praegnans,

60 2697 126 2744 quam
139 2679 225 2729 velint.
236 2659 460 2739 Tumultuentur,
469 2687 494 2728 et
502 2694 563 2728 con·
607 2673 726 2745 gravide.

60 2755 159 2808 tendant
195 2755 298 2807 Laches
335 2765 361 2807 et
397 2752 563 2828 Phidippus,
644 2756 707 2816 642.
718 2753 897 2802 Benenundas.
904 2751 1055 2804 iucundam
1064 2769 1122 2804 rem

62 2833 225 2906 quantumeis
238 2833 349 2903 placeat
609 2831 805 2884 mihinuntias.
824 2837 912 2882 -Ita
929 2851 968 2884 me
979 2833 1016 2882 Di
1023 2839 1126 2883 ament'

92 2915 323 2980 stamparum.
348 2912 499 2966 Jamenim
527 2925 566 2964 est
610 2910 914 2965 Formulaalfirmandi.

63 2992 230 3046 confirmatu:
247 2990 293 3046 sed
308 3004 469 3064 perpetuam
483 2991 565 3064 cupit.
646 2991 707 3054 643.
728 2995 814 3054 Illum,
837 3003 971 3063 nepotem.
982 3023 1015 3037 -
1031 2995 1125 3057 Illam,

63 3079 146 3125 Donat.
611 3069 802 3123 Philumenam.

94 3152 149 3222 637.
161 3155 203 3203 Sin
217 3165 263 3214 est,
274 3153 506 3215 ritalitertuasiet,
517 3162 566 3203 etc.
649 3156 710 3218 644.
725 3155 792 3220 Quid
805 3154 910 3203 mulieris
923 3157 1001 3202 Uxor.
1019 3153 1043 3202 6.
1057 3150 1126 3202 Cum

64 3247 108 3298 pro
121 3229 249 3303 simplici,
259 3234 296 3282 siu
307 3233 379 3282 aliter
389 3233 441 3291 siet,
451 3243 500 3283 etc.
612 3244 765 3302 contemptu
775 3230 892 3302 quodam
907 3227 971 3282 dicit
975 3247 1041 3300 ,pro
1051 3249 1125 3296 quam

95 3309 149 3362 638.
162 3313 224 3362 Aeo
214 3329 245 3377 p
252 3329 364 3377 poenum.
375 3310 454 3373 June,
470 3328 531 3380 quta
542 3308 569 3361 lr
613 3331 731 3365 uxorem.
740 3317 914 3372 -Moratam,
927 3309 1093 3364 instructam

65 3387 224 3459 henpatrem
232 3401 389 3460 sequuntur
400 3389 435 3440 Et
444 3388 570 3443 mrrehoc
649 3383 709 3447 666
724 3388 785 3433 ΗΜ
805 3382 835 3434 C·
852 3381 886 3432 G·
907 3347 955 3432 '³11⁶
973 3377 1076 3430 Ibldem
1091 3379 1128 3450 gl·
1150 3408 1154 3413 ·

66 3469 169 3521 maxime
180 3467 295 3541 adjecit,
307 3467 382 3540 quod
398 3469 512 3522 maxime
526 3487 569 3522 re·
614 3465 702 3514 decuit.
710 3491 745 3502 ι·-
755 3465 848 3511 Nosne
859 3463 989 3521 boccelat.
1000 3473 1051 3508 tam
1066 3461 1128 3510 diue’

67 3558 131 3598 cusat
141 3547 314 3618 Pamphilus
333 3560 359 3600 et
372 3561 482 3622 propter
496 3546 569 3620 quod
614 3541 721 3614 supple,
729 3543 837 3600 decebat,
848 3536 1128 3608 reiquiddameimile.

67 3641 126 3678 ιιιιοι
136 3645 244 3698 quoque
256 3646 311 3679 non
324 3626 472 3680 reducitur,
488 3627 572 3680 Eteo-
615 3627 752 3688 -Nequeo
764 3623 825 3671 satis
824 3622 923 3692 ‚junge
934 3619 1128 3686 cumproloqui,

68 3705 135 3770 cipias
157 3725 207 3778 pro
225 3709 318 3775 accipe.
344 3707 438 3758 Donat.
451 3708 572 3758 —Sensit
615 3703 693 3754 invs.
707 3717 763 3770 seq.

65 3790 184 3850 peperisse.
205 3785 344 3857 Comperit
359 3785 506 3858 Phidippus
514 3787 572 3840 Phr
652 3782 714 3844 666·
724 3783 789 3842 11⁰0
803 3777 1056 3850 ⁰01³V1⁵⁸0P³Ylum

69 3862 193 3918 lumenam
208 3866 352 3938 peperisse.
365 3896 400 3906 -
415 3869 510 3917 Occidi.
521 3867 572 3918 De·
652 3863 715 3928 647.
732 3858 810 3910 Ηιιιιο
823 3857 914 3909 locum
932 3853 1005 3925 apud
1021 3855 1066 3907 Be.
1078 3873 1155 3928 pro

69 3950 187 4012 sperantis
195 3957 242 3998 est
252 3944 403 3999 Nihilenim
412 3945 573 3997 hubetPam·
616 3935 873 4010 licentraepusplane
881 3933 1128 3988 mutatumvrdebrs

71 4020 459 4096 philusquodeooeroopponat.
469 4023 574 4078 Scilicet
617 4049 653 4060 -
666 4020 753 4069 tacte.
768 4015 808 4066 ΑΙ.
818 4017 965 4070 caetea-
975 4017 1089 4070 Nontibi
1100 4018 1129 4067 il·
