2824 4778
260 362 330 434 208
476 361 657 430 PUBLII
681 360 935 431 TERENTII
960 363 1080 432 AFRI

258 495 444 566 Praesertim
464 495 498 562 in
516 518 556 562 ea
573 519 609 562 re
630 518 733 588 quum
747 495 788 563 sit
803 492 849 562 mi
862 494 1006 588 adjutrix
1021 521 1144 566 socrus.
1289 530 1316 580 με

259 607 323 672 Li.
338 598 466 696 Fugis?
485 599 585 687 hem,
600 625 662 669 nec
680 601 837 694 quiquam
856 603 938 669 certi
956 603 1135 697 respondes
1153 601 1260 672 mihi?

258 708 350 777 Num
371 709 430 776 tibi
450 706 581 775 videtur
602 731 672 775 esse
691 705 780 800 apud
802 705 900 776 sese?
922 708 1002 776 sine.

259 819 424 901 Puerum,
446 811 628 906 Phidippe,
645 812 727 880 mihi
746 811 848 900 cedo,
870 837 931 907 ego
952 813 1048 883 alam.
1072 815 1134 884 ΡΗ.
1160 817 1314 884 Maxume.

260 923 339 994 Non
353 922 475 990 mirum
492 918 570 988 fecit
587 944 690 1007 uxor,
705 919 732 988 si
752 919 818 988 hoc
835 943 921 1013 aegre
939 918 1024 988 tulit·
1370 901 1376 1029 ἰ

261 1031 391 1096 Amarae
412 1024 565 1094 mulieres
588 1039 680 1114 sunt,
699 1050 768 1094 non
789 1023 883 1094 facile
901 1025 975 1094 haec
995 1024 1144 1100 ferunt.¹
1286 1058 1336 1098 ⁷¹⁰¹
1376 1043 1377 1120 t

261 1137 441 1228 Propterea
455 1132 526 1202 haec
548 1131 597 1199 ira
614 1130 655 1201 ?st
670 1149 677 1191 τ
695 1156 773 1200 nam
789 1133 862 1225 ipsa
882 1133 1030 1200 narravit
1050 1132 1143 1200 mihi.
1376 1127 1377 1140 ¹

261 1238 302 1308 Id
322 1264 384 1334 ego
403 1238 470 1307 hoc
488 1251 649 1332 praesente
664 1238 724 1307 tibi
742 1236 912 1306 nolueram
934 1237 1066 1326 dicere,

261 1347 379 1440 Neque
392 1343 438 1412 illi
452 1343 627 1413 credebam
643 1345 771 1438 prim03
789 1368 879 1413 nunc
898 1369 1015 1412 verum
1034 1342 1141 1452 palam
1160 1357 1218 1412 est.

261 1451 350 1522 Nam
370 1451 507 1520 omnino
526 1449 705 1519 abhorrere
721 1451 868 1520 animum
883 1451 962 1522 huic
983 1451 1080 1520 video
1101 1475 1122 1518 a
1143 1449 1273 1544 nuptiis.
1375 1487 1376 1492 κ

261 1561 327 1628 Li.
347 1557 438 1647 Quid
460 1581 540 1650 ergo
558 1581 673 1652 agam,
690 1556 852 1651 Phidippe
869 1555 884 1625 ξ’
901 1556 981 1651 quid
1002 1557 1060 1626 das
1080 1554 1218 1626 consili?
1286 1577 1315 1630 71⁵

261 1669 324 1736 Pu.
360 1663 452 1754 Quid
476 1661 582 1758 agas?
613 1663 822 1734 meretricem
848 1663 935 1733 hanc
970 1665 1114 1759 primum
1145 1661 1314 1731 adeundam

422 1795 550 1842 censeo.
1097 1791 1099 1796 ’

262 1881 426 1965 Oremus,
445 1901 640 1946 accusemus
658 1879 810 1972 gravius3
831 1878 974 1972 denique
1058 1919 1059 1922 =

261 1983 473 2066 Minitcmur‚
494 1985 521 2052 si
539 1985 616 2052 cum
631 1982 687 2054 illo
704 1983 859 2053 hahuerit
874 2009 944 2052 rem
963 1998 1088 2079 postea.
1103 2027 1106 2032 -

262 2092 326 2160 Li.
338 2089 489 2172 Faciam,
507 2104 546 2158 ut
562 2115 699 2160 mones:
722 2091 803 2180 eho,
824 2116 938 2179 curre,
961 2114 1063 2186 puer,
1081 2089 1124 2158 ad
1132 2085 1313 2158 Bacchidem

421 2195 509 2264 hanc

262 2303 417 2373 Vicinam
435 2315 602 2386 nostram,
620 2301 689 2370 huc
707 2325 811 2371 evoca
829 2303 940 2372 verbis
958 2304 1049 2372 meis.
1285 2331 1314 2369 7²0

296 2443 357 2516 705.
380 2451 485 2508 Seerus,
507 2461 566 2514 quae
583 2442 684 2495 scilicet
701 2442 774 2494 hune
854 2463 915 2514 7¹²·
939 2449 991 2495 Hoc
1006 2457 1146 2512 presente,
1173 2443 1230 2496 scil.
1252 2441 1314 2494 Pam·

261 2522 448 2596 exponendum
460 2533 576 2576 censeat.
588 2522 693 2578 —Post
704 2523 776 2586 hec,
817 2522 903 2595 philo.

261 2604 315 2656 abit
332 2602 496 2674 Pamphilus.
854 2602 915 2672 713,
933 2608 1030 2654 Verum.
1046 2601 1105 2654 Lib.
1118 2600 1203 2672 antiq.
1216 2592 1314 2652 uera*-

297 2702 359 2755 7⁰7·
373 2687 440 2733 Num
460 2683 503 2732 tibi
517 2683 570 2732 uid.
586 2691 638 2734 etc.
655 2680 720 2734 Hoec
733 2681 772 2734 lo·
818 2685 883 2748 Neq.
892 2683 930 2732 illi
937 2684 1002 2734 cred.
1010 2673 1097 2749 piimo.
1107 2683 1200 2752 Neque
1212 2697 1315 2752 egouxo·

260 2763 352 2834 quitur
363 2763 467 2814 Laches
478 2758 775 2831 adPhidippum‚defu·
818 2759 844 2810 ri
857 2759 885 2812 id
904 2761 1024 2814 narranti
1042 2761 1130 2832 primo
1149 2759 1230 2813 fidem
1249 2760 1315 2812 habe-

259 2841 347 2914 giente
357 2839 504 2909 Pamphilo.
517 2870 553 2879 -
561 2843 640 2906 Apud
648 2859 707 2903 sese,
717 2841 774 2892 ani-
817 2840 889 2892 ham.
900 2870 933 2878 —
942 2845 1072 2892 Nuucver.
1077 2844 1167 2908 palam
1176 2855 1218 2892 cst.
1226 2841 1313 2892 Verum

259 2921 298 2972 ini
311 2921 380 2970 hene
390 2935 506 2987 compos.
520 2945 556 2956 -
564 2918 633 2978 Sine,
646 2936 724 2990 supp.
734 2939 772 2971 me
818 2936 891 2970 nunc
899 2937 941 2970 res
951 2929 990 2971 est
1001 2917 1030 2972 in
1041 2917 1130 2988 plano.

251 2995 479 3068 facere.Formula
492 2994 688 3048 comminantis.
852 2996 912 3066 715.
928 2999 1025 3051 consili.
1042 2999 1074 3050 C.
1089 2997 1122 3050 G.
1132 3015 1169 3050 m.
1185 3009 1212 3050 et
1224 2997 1256 3049 al.
1267 3014 1315 3047 rou·

295 3077 357 3148 708.
377 3076 439 3126 Mihi
455 3077 534 3137 cedo,
550 3073 617 3124 mihi
634 3073 717 3128 trade.
734 3105 771 3115 -
816 3078 870 3130 sitii.
893 3079 958 3141 Quid
979 3082 1026 3130 das
1045 3097 1112 3130 cour.
1134 3076 1203 3136 Mire
1224 3087 1315 3132 contur-

258 3162 389 3218 Maxume,
402 3152 506 3208 tradam
516 3152 699 3206 libentissime.
814 3156 893 3209 batur
901 3169 984 3228 pater.

295 3253 357 3307 7⁰9·
383 3239 463 3287 Uxor.
484 3233 527 3284 At.
550 3252 613 3285 mea.
628 3231 709 3297 Quod
726 3232 771 3286 alii
852 3241 911 3305 716.
923 3243 1012 3304 Hauc,
1027 3235 1104 3309 qnasi
1118 3235 1201 3298 dicat,
1212 3249 1315 3308 qumnos

259 3317 391 3369 omittunt.
400 3343 436 3352 -
445 3316 503 3364 Nou
517 3314 571 3362 mir.
576 3313 626 3378 fec.
636 3331 712 3376 uror,
720 3323 770 3365 etc.
814 3317 1125 3386 perurebat-Pramum.
1135 3317 1315 3386 Benepru'mum,

255 3397 315 3449 Non
333 3413 390 3448 rem
411 3391 562 3445 mirandam
581 3403 607 3442 et
622 3389 771 3462 vituperari·
816 3406 846 3446 ut
868 3395 1047 3467 intelligamus
1075 3395 1173 3450 deinde
1203 3391 1314 3468 Pamphi·

257 3474 319 3526 dam
333 3473 396 3526 fecit
408 3489 477 3522 uror
495 3487 570 3532 mea,
583 3469 739 3540 Myrrhina,
749 3471 771 3524 si
815 3473 881 3526 lum,

256 3573 272 3606 a
281 3554 402 3607 moribus
411 3549 551 3622 Pamphili,
561 3560 653 3604 utsere
662 3549 770 3616 habent,
851 3573 913 3624 717.
929 3561 1039 3608 Oramus.
1053 3557 1228 3628 Eloquamur.
1242 3557 1316 3608 Potest

257 3632 407 3687 abhorruit.
815 3633 926 3707 intelligi
944 3647 971 3689 et
984 3656 1114 3705 regemn
1128 3636 1175 3690 sed
1191 3655 1244 3690 non
1266 3652 1316 3688 con-

293 3733 353 3778 710.
374 3719 485 3766 Amara.
505 3710 618 3779 hsperae.
638 3741 671 3750 —
690 3716 771 3776 Herc,
814 3714 887 3767 venit
897 3709 1015 3784 piamone
1024 3715 1138 3787 potiori,
1151 3729 1177 3769 et
1190 3734 1285 3778 cause,
1296 3721 1316 3764 et

254 3793 424 3864 pellicatum,
440 3799 466 3864 et
485 3787 598 3842 furtivos
612 3789 770 3844 maritorum
814 3793 866 3866 ipsi
874 3796 1018 3848 verborum
1028 3795 1126 3848 ordini.
1138 3802 1204 3848 Dou.

257 3889 368 3926 amores.
849 3877 993 3944 7181Rem.
1009 3870 1238 3928 Cnnsuetndincm
1253 3887 1315 3925 ama-

291 3969 352 4020 711.
377 3955 438 4016 Ipsa
458 3969 527 4026 narn
548 3951 621 4011 miti,
641 3966 712 4020 supr.
730 3968 768 4002 va.
813 3955 916 4007 toriam.

257 4030 320 4094 538,
336 4010 397 4096 5‘39.
851 4051 912 4103 7²⁰·
927 4037 1012 4086 Verbis
1028 4037 1097 4098 meis,
1117 4052 1179 4088 meo
1193 4030 1302 4086 nomine.
