2816 4782
302 437 560 508 ruoamo.
594 439 700 509 scr.
728 440 785 525 11,
812 439 880 507 sc.
909 439 936 505 1.
1083 438 1158 535 267
1204 411 1211 480 ἶ

73 593 75 598 ’
93 571 169 640 Non
182 567 245 638 fuit
260 593 395 640 necesse
409 570 554 658 habere3
568 572 643 660 sed,
662 571 696 640 id
717 569 807 666 quod
823 569 876 640 lex
890 571 1001 663 jubet,

93 679 214 758 Dotem
229 675 371 762 daretis,
392 691 556 772 quaereret
571 677 674 748 alium
692 681 812 748 virum.

93 783 167 872 Qua
183 783 313 852 ratione
334 785 469 878 inopem
490 784 602 878 potius
624 784 768 855 ducebat
786 782 951 854 domum?
973 825 974 828 =

93 889 133 957 G.
151 891 344 977 Namatio,
366 915 484 959 verum
499 906 675 986 argentum
695 892 819 962 deerat.
842 893 908 960 Dn.
928 893 1083 960 Sumeret

92 993 260 1065 Alicunde.
277 999 318 1066 G.
337 995 523 1066 Alicundei
539 997 623 1068 nihil
643 1013 695 1068 est
712 999 805 1071 dictu
823 997 960 1068 facilius.
1122 1027 1161 1065 a..

92 1103 154 1171 Da.
177 1105 367 1188 Postremo,
385 1105 413 1172 si
428 1102 520 1174 nullo
536 1103 600 1174 alio
621 1120 737 1200 pacto,
760 1105 898 1174 foenore.
1230 1097 1232 1102 ¹

94 1207 133 1275 G.
150 1204 233 1278 Hui!
258 1210 339 1280 dixti
354 1209 520 1314 pulchre.
531 1213 558 1281 si
573 1212 707 1306 quidem
726 1213 903 1308 quisquam*
921 1210 1073 1280 erederet

92 1315 135 1382 Te
147 1317 236 1384 vivo.
253 1319 318 1386 Du.
331 1319 428 1404 Non,
449 1343 519 1388 non
531 1319 579 1388 sic
592 1319 744 1388 firturum
759 1322 819 1404 ’st3
839 1344 908 1388 non
926 1332 1047 1413 potest.

91 1422 193 1515 Egon’
212 1421 301 1491 illam
321 1449 399 1494 eum
417 1423 474 1493 illo
488 1439 526 1493 ut
540 1427 647 1520 patiar
666 1440 806 1522 nuptam
828 1451 935 1494 unum
954 1421 1066 1494 diem?
1171 1453 1172 1460 ¹

91 1526 142 1595 Nil
162 1553 264 1598 suave
277 1533 432 1599 meritum
449 1530 500 1602 'st.
519 1534 697 1603 Hominem
723 1533 1016 1602 commonstrarier
1120 1551 1159 1592 ³0⁵

91 1633 138 1702 Mt
156 1636 258 1706 istum
276 1635 373 1724 volo,
391 1651 468 1722 aut,
486 1638 545 1708 ubi
562 1639 710 1727 habitet,
731 1639 999 1708 demonstrarier.

90 1821 206 1880 potuerat
219 1824 250 1864 ut
264 1825 350 1867 essent
363 1825 451 1867 testes.
464 1821 600 1868 Iuvene—
680 1815 740 1868 303.
752 1817 819 1877 Non,
829 1834 856 1866 n.
865 1815 957 1878 sicsat.
967 1811 1017 1865 Hie
1028 1812 1085 1883 jam
1097 1812 1157 1882 pal·

90 1893 192 1959 Sr'eoga.
202 1907 243 1944 est
254 1893 378 1946 maxume.
395 1893 484 1948 Etiam
498 1893 520 1947 si
530 1889 600 1948 esset
644 1911 694 1946 mas
705 1895 780 1948 locus
787 1905 826 1947 est
836 1891 931 1946 debitae
937 1891 1072 1959 Terentio,
1077 1891 1159 1962 siqni-

90 1969 182 2040 gradem
195 1972 377 2044 cognationis,
387 1973 429 2026 vel
436 1993 564 2028 summus.
643 1973 706 2028 dem
723 1987 749 2026 et
765 1973 856 2028 omnia
869 1973 997 2046 objecerit
1008 1972 1157 2044 Demipho,

124 2054 180 2118 296.
194 2057 309 2104 Necesse.
318 2053 349 2106 1..
360 2053 406 2106 Be.
418 2073 599 2106 necessum-
643 2065 669 2106 et
690 2053 781 2107 omnia
802 2053 911 2107 solverit
935 2051 1032 2105 Geta:
1057 2052 1156 2123 quibus
1233 2057 1237 2062 '

91 2132 209 2198 Nonsur't,
217 2150 272 2184 non
280 2143 385 2186 erat.--
393 2137 500 2198 Habere,
512 2133 595 2188 scilic.
642 2133 720 2200 actis,
734 2135 789 2187 sola
802 2131 991 2186 irrationabilis
1004 2133 1158 2186 exclamatio

91 2213 203 2264 nxoren’r.
220 2261 221 2264 ,
641 2214 806 2286 relinquetur
816 2213 881 2267 seui.
890 2217 957 2265 Dor.
1195 2249 1198 2253 -

123 2291 370 2361 297.l¹aretir‚dare
381 2291 542 2347 debueratis.
676 2295 737 2358 304.
751 2301 783 2346 Ut
795 2297 888 2364 patiar.
900 2293 1012 2366 supple,
1013 2297 1156 2365 fierinepo·

123 2370 180 2438 ²98·
197 2378 254 2439 Qua
266 2375 375 2439 radone,
391 2385 499 2444 propter
515 2393 597 2446 quarn
640 2376 753 2439 terrant.

90 2447 220 2504 rationem.
232 2481 270 2492 «-
283 2459 355 2521 Inep.
363 2468 418 2520 pot.
430 2456 518 2506 duceb.
535 2455 596 2508 Non
676 2452 737 2508 305.
750 2455 865 2506 Meritum
876 2456 916 2504 'sn
928 2451 1005 2504 Bent.
1019 2455 1104 2504 aurita
1115 2456 1154 2506 'se

90 2527 176 2594 inopem
188 2533 288 2598 potius,·
310 2531 358 2584 sed
372 2536 454 2599 ponus
475 2536 596 2599 discebat,
639 2532 757 2586 Govean.
767 2545 793 2584 et
800 2533 872 2604 Gay.
884 2531 1019 2584 malebant
1026 2530 1153 2587 merita’sr.

89 2607 351 2682 subdistinguendum
364 2624 410 2664 est.
427 2618 495 2663 Dan.
638 2616 728 2662 -Nil
740 2631 815 2664 suave
830 2631 892 2662 mer.
909 2611 1006 2680 Magna
1024 2609 1069 2662 bic
1081 2609 1152 2662 diffi-

120 2695 244 2757 299.1t0n
257 2694 331 2756 ratio,
341 2711 397 2744 non
409 2690 551 2746 auctoritas
559 2691 607 2745 le·,
638 2691 739 2754 cultas,
749 2690 818 2742 circa
830 2707 914 2760 quam
928 2707 1021 2740 omnes
1033 2689 1094 2759 plus
1103 2689 1153 2740 mi⁴

89 2765 132 2834 gis.
144 2776 315 2834 -Sameret,
329 2791 410 2842 supp.
424 2785 550 2832 mutuum,
569 2783 595 2824 et
638 2787 689 2822 nus
708 2769 850 2821 infeliciter
869 2767 938 2820 rarii
951 2767 1087 2820 haeserunt
1106 2767 1155 2832 adq

89 2844 427 2920 intelligerursus‚sumere
435 2849 575 2902 debuerat.
638 2859 782 2902 notatores.
811 2846 952 2918 Duplicem
984 2859 1075 2899 autern
1101 2866 1153 2901 nos

120 2925 178 2979 301.
192 2936 283 2995 Paeto,
290 2931 399 2998 feruore.
410 2929 452 2982 ΑΙ.
462 2943 540 2998 pacto
552 2934 596 2982 vel
637 2943 818 2998 proponemus
828 2927 992 2990 sensum‚vel
1000 2945 1062 2980 eum
1072 2945 1154 2998 quem

83 3003 324 3068 sea.-Postr.etc.
337 3007 461 3062 Ostendit
473 3027 501 3061 ss
513 3027 594 3064 senex
638 3007 717 3060 offert
728 3009 869 3060 Donatus:
884 3006 952 3070 ordo
963 3019 990 3060 et
1003 3025 1095 3060 sensus
1108 3007 1153 3062 bic
1242 3034 1245 3050 .

89 3079 139 3135 haec
151 3085 281 3156 perdere:
300 3087 483 3159 qunmabhie
496 3087 595 3142 adalia
638 3098 678 3140 est
696 3105 703 3140 τ
725 3112 737 3134 ι
752 3086 819 3147 nihil
837 3087 903 3140 mihi
922 3087 1060 3144 mercedis
1073 3107 1153 3142 suave

87 3166 243 3220 transcendit
265 3168 396 3221 exclusus.
420 3195 456 3208 ··-
483 3173 594 3223 Foenore.
638 3179 689 3229 est,
706 3180 737 3220 ut
750 3187 800 3239 ego
812 3168 884 3223 illam
898 3185 960 3220 oum
973 3169 1020 3220 illo
1037 3179 1152 3238 nuptam

86 3241 372 3312 Animadvertendum,
384 3247 457 3300 atiud
471 3267 538 3314 esse,
549 3268 594 3304 su·
638 3247 830 3300 ἰθηηι.»8υανο
838 3249 948 3298 meritum
957 3247 1029 3299 enim
1040 3263 1153 3299 suarem

29 3360 33 3364 .
87 3325 593 3396 meremutuum‚aliudsumerejoenore.
637 3325 791 3380 mercedem
809 3326 947 3398 significat.
968 3325 1021 3378 Vel
1045 3327 1154 3396 (quum

86 3403 148 3458 Nam
160 3419 255 3460 mutua
272 3405 594 3478 quoquedabantursine
637 3407 709 3460 banc
727 3408 825 3458 Donati
851 3396 1052 3458 adnotationem
1070 3405 1152 3476 plane

52 3550 54 3554 y
87 3485 176 3538 usuris.
636 3485 757 3556 ineptam
769 3484 914 3555 proclamet
926 3481 1153 3550 Boeelerus),in·

118 3563 176 3618 dos.
191 3567 267 3618 Dixti
268 3567 382 3634 pulchre.
391 3565 507 3619 Ironice.
522 3596 558 3608 -
567 3569 594 3618 Si
636 3565 725 3634 tellige
734 3563 791 3617 bac
801 3564 895 3617 acerbe
906 3562 960 3616 dici
973 3563 1002 3614 in
1016 3574 1152 3618 auctorem

86 3645 187 3710 quddam,
201 3657 253 3698 etc.
268 3643 420 3700 HicWest.
434 3664 594 3700 commemo-
637 3642 764 3696 facinoris
786 3661 794 3696 ε
813 3642 928 3696 «omnia
949 3642 1022 3694 mala
1041 3642 1153 3694 meritus
1203 3707 1205 3714 .
1259 3653 1263 3664 '

84 3733 137 3788 rat,
154 3735 230 3776 vetus
248 3724 313 3777 olim
334 3726 593 3781 senatusconsultum
638 3734 677 3776 est
693 3722 740 3778 ille
751 3741 767 3776 a
780 3721 945 3795 quoindicas
956 3723 983 3774 in
991 3722 1152 3794 j-ueraptum

85 3800 254 3875 fuisse‚quod
264 3803 383 3874 primum
397 3804 520 3858 aSolone
534 3823 594 3858 sau·
637 3802 719 3855 fuisse
735 3803 944 3874 Antiphonem.»
957 3801 1047 3866 Quem
1065 3811 1151 3871 poste-

84 3877 161 3932 cimm
177 3881 213 3935 ad
227 3883 364 3936 Romanos
379 3881 525 3936 deductum
542 3883 592 3946 sit;
637 3883 738 3938 riorem
748 3901 854 3936 sensnm
869 3884 922 3934 Nos
937 3880 1134 3951 anteponimus.

84 3976 134 4028 qno
146 3976 258 4016 cautum
271 3963 368 4026 fuerit,
383 3975 459 4034 patre
473 3962 592 4027 vivente,
676 3963 737 4021 306,
756 3967 849 4015 Comrn.
861 3959 979 4011 Micam
994 3963 1062 4012 volo.
1077 3960 1153 4012 Bono

11 4091 12 4096 ,
84 4035 151 4105 filio,
168 4041 215 4112 qui
229 4041 282 4094 sub
298 4042 382 4113 patris
400 4053 527 4113 potestate
538 4054 593 4108 est,
637 4041 730 4095 ordine
749 4039 869 4112 pervenit
889 4037 924 4092 ad
945 4039 1154 4105 Phormionem,

11 4149 12 4180 3
85 4117 151 4176 aedi
167 4121 312 4200 pecuniam
329 4140 386 4176 non
397 4123 486 4184 licere.
638 4141 719 4192 aquo
731 4121 815 4191 magis
826 4119 1017 4178 confutabitur.
1031 4125 1095 4178 Dea.
