2812 4788
357 315 574 385 ananau.
596 317 709 385 scr.
736 319 780 401 v,
803 317 872 386 su.
899 315 962 386 1x.
1121 299 1186 388 ηε

89 485 93 501 ·
117 449 165 516 ld
187 473 254 517 non
273 445 344 516 fieri
355 447 584 534 exveravita„
604 471 711 541 neque
722 446 805 516 adeo
819 473 860 516 ex
871 470 965 542 aequo
979 463 1012 517 et
1026 451 1136 538 bono;

89 589 91 593 ·
119 554 193 624 Sed
206 579 244 622 ex
256 553 452 622 assentando
466 567 565 647 atque
582 551 784 646 indulgendo
802 568 836 622 et
853 551 1043 647 largiendo,
1061 558 1170 625 Micio.

117 663 227 730 Nune
239 657 320 728 adeo
333 659 359 727 si
375 659 418 727 ob
437 683 508 728 eam
527 683 597 726 rem
615 658 709 727 vobis
721 683 795 727 mea
806 659 874 727 vita
888 660 1006 749 invisa,
1020 659 1191 748 AEschine‚

284 779 353 852 est,
667 835 675 846 ,⁸

118 873 218 960 Quia
228 896 296 939 non
306 867 395 963 justa
408 865 528 962 injusta
538 895 674 965 prorsus
683 871 797 952 ¹omnia
807 872 944 940 omnino
953 863 1133 966 obsequor3
1150 879 1189 930 ⁹⁹⁵

118 979 229 1047 Missa
241 976 325 1044 facio
337 1002 345 1044 :
357 975 532 1064 effundite,
548 977 662 1064 emite,
682 976 781 1046 facite
793 977 883 1070 quod
898 977 994 1046 vobis
1008 977 1109 1047 lubet.

121 1083 194 1152 Sed
208 1084 237 1152 si
250 1082 284 1150 id
297 1081 396 1151 vultis
407 1083 537 1176 potius,
551 1106 624 1175 quae
642 1107 702 1151 vos
717 1085 855 1177 propter
868 1081 1123 1152 adolescentiam

120 1185 241 1282 Minus
256 1188 392 1275 videtis,
410 1189 515 1282 magis
525 1189 673 1282 impense
687 1191 824 1283 cupitis,
836 1189 1005 1260 consulitis
1017 1213 1156 1285 parum,

122 1299 208 1365 Haec
239 1293 482 1388 reprehendere
514 1308 548 1362 et
570 1295 735 1390 corrigere
756 1317 874 1390 quern,
901 1295 1128 1366 obsecundare
1158 1297 1193 1364 in

92 1417 96 1425 ’
287 1399 376 1484 loco;
1111 1491 1114 1498 Ι

122 1509 215 1576 Ecce
236 1501 289 1576 me
311 1505 421 1600 quiid
443 1505 561 1575 faciam
582 1505 686 1576 vobis.
709 1506 777 1576 AEs.
804 1501 897 1594 Tibi,
923 1521 1038 1601 pater,
1061 1507 1195 1601 permit-

287 1626 397 1681 tamus.
472 1659 475 1672 ι
1143 1651 1165 1675 10

122 1717 205 1786 Plus
228 1719 311 1802 sois,
333 1716 412 1811 quid
431 1741 515 1811 opus
543 1717 633 1787 laeto
655 1732 728 1787 est:
751 1715 809 1786 sed
829 1717 871 1784 de
893 1715 995 1784 fratrc
1013 1716 1093 1810 quid
1112 1651 1197 1785 Ηεῑῖ

288 1825 354 1892 ΒΕ.
370 1824 461 1892 Sino.

123 2086 186 2118 reru.
198 2064 297 2138 supple
305 2064 382 2118 initio
392 2066 511 2132 hocfeci.
521 2070 640 2132 -Quod,
685 2071 797 2118 raoteres
804 2067 917 2138 opposes
928 2063 961 2117 de
974 2083 1017 2118 ces
1026 2063 1095 2118 deux
1105 2066 1197 2127 freres,

122 2156 236 2216 propter
247 2142 331 2215 quod.
340 2141 441 2204 -I'sti‚
459 2143 508 2196 lilii
516 2143 599 2196 nostri
610 2163 641 2197 ac
685 2157 711 2197 et
722 2146 759 2198 les
769 2145 966 2198 inconveniente
972 2145 1019 2216 qui
1028 2163 1062 2198 en
1072 2145 1198 2205 arriserat,

125 2224 208 2276 servi.
684 2237 821 2278 montrent
834 2225 1015 2297 parlaitement
1027 2243 1077 2278 aux
1090 2230 1165 2296 peres
1173 2223 1199 2276 le

163 2322 226 2372 99².
236 2302 277 2352 Ex
286 2297 420 2354 veracite.
434 2303 472 2354 Ex
482 2321 544 2356 vera
554 2313 579 2354 et
585 2301 641 2355 lau·
684 2297 774 2358 milieu
788 2305 867 2377 qu'ils
878 2303 985 2356 doivent
996 2304 1065 2356 tenir
1077 2321 1147 2375 pour
1156 2303 1202 2354 l'e·

125 2381 212 2436 dabili
223 2379 345 2434 facilitate
358 2392 538 2434 naturatum.
558 2379 638 2434 Cous.
684 2375 808 2437 ducation
821 2373 855 2436 de
868 2382 939 2435 leurs
952 2383 1071 2447 oufente,
1086 2393 1159 2434 entre
1173 2379 1199 2434 la

125 2461 226 2512 Heaut-
244 2459 308 2520 153,
321 2469 378 2510 110⁸·
684 2474 745 2532 trop
759 2460 862 2533 grande
880 2461 991 2515 severite‘
1005 2459 1039 2512 de
1052 2459 1109 2512 l'un
1127 2473 1152 2511 et
1173 2455 1199 2511 la

163 2539 227 2608 993.
241 2543 282 2588 Ea
291 2541 449 2590 assentando.
457 2537 642 2591 Aliiomittunt
684 2538 1200 2612 tropgrandedouceurdel’sutre.C'est

127 2637 168 2669 ex.
182 2647 218 2658 —-
238 2623 268 2667 Et
281 2617 426 2684 largiendo,
444 2618 527 2667 Micio.
546 2615 641 2668 Severe
685 2619 711 2671 le
720 2619 787 2690 parti
799 2637 851 2690 que
866 2617 949 2688 prend
962 2617 1033 2669 enfin
1047 2619 1155 2683 Demea,
1165 2635 1200 2669 en

127 2695 251 2750 additum
265 2709 304 2748 est
318 2713 419 2747 nomen
436 2695 524 2748 verbis
541 2705 567 2746 et
587 2695 642 2748 lere
685 2707 799 2767 prenant
825 2695 888 2747 chez
908 2695 946 2748 lui
965 2705 1033 2748 cette
1055 2693 1200 2748 chanteuse

123 2778 183 2847 jam
201 2773 377 2826 stomachose.
687 2775 753 2826 dont
769 2792 818 2827 son
836 2774 876 2826 fils
896 2773 959 2826 erait
977 2791 1154 2826 amonreux.»
1165 2804 1201 2813 -

164 2859 226 2922 994.
243 2855 323 2904 Vobis.
343 2849 508 2924 Apostrophe
519 2848 553 2902 ad
564 2843 640 2904 lilios.
689 2855 782 2922 corrig.
793 2871 873 2920 quem.
884 2852 926 2906 Sic
935 2852 1022 2905 Bentl.
1035 2870 1085 2924 pro
1096 2851 1202 2906 morul-

126 2935 203 2985 Bene
214 2932 242 2983 in
256 2943 389 3003 postremo
399 2929 514 3002 dignitas
525 2945 644 3001 persone
689 2943 756 3004 gato.
767 2929 906 2984 Probatur.
916 2931 994 2984 Prius
1008 2931 1092 2995 enim,
1104 2931 1201 3003 iuquit,

127 3011 210 3085 hujus
218 3022 321 3064 servata
339 3022 389 3071 est,
400 3021 431 3062 ut
447 3027 502 3063 non
515 3020 644 3080 perpetuo
688 3031 727 3061 me
739 3009 828 3081 inepte
847 3009 893 3062 hic
905 3010 1031 3082 ponitur,
1055 3009 1077 3062 si
1090 3011 1202 3063 alterum

126 3101 292 3144 commutata
305 3089 448 3142 rideretur.
464 3093 557 3140 Donat.
689 3109 727 3141 me
738 3099 909 3162 sequatur.—
916 3092 1095 3140 obsecundare.
1104 3093 1202 3144 Donat.

165 3169 227 3238 995.
247 3175 327 3221 Irata.
347 3167 444 3220 Bruns.
464 3167 524 3221 cod}
537 3165 580 3220 ed.
597 3169 644 3219 ista
689 3165 754 3236 legit
768 3167 911 3217 secundare.

127 3249 268 3328 projesta.
726 3261 801 3297 rooo.
815 3246 880 3308 Tibi,
889 3257 969 3310 parer,
976 3245 1140 3310 permittimus.
1151 3245 1205 3297 No·

164 3329 229 3394 996.
237 3328 328 3378 Emito.
336 3322 455 3391 Quidam
469 3323 642 3396 manuscript.
687 3322 737 3375 luit
743 3321 882 3376 Terentius
894 3322 928 3374 ab
940 3321 1074 3374 amoribus
1087 3323 1203 3374 filiorum

127 3407 368 3456 emittite-Missa
374 3404 462 3470 facio,
476 3401 590 3474 negligo.
688 3412 821 3473 perpetuo
840 3401 974 3472 repulsum
988 3411 1098 3470 patrem.
1112 3406 1205 3453 Donat.

163 3482 227 3552 998.
241 3485 322 3533 Mimas
333 3483 433 3534 videtis.
442 3481 532 3534 Minus
541 3479 645 3534 cavetis.
728 3498 804 3532 1001.
822 3485 881 3535 Plus
897 3482 960 3544 seis,
977 3482 1039 3548 quid
1045 3520 1053 3545 ,
1066 3491 1117 3533 etc.
1129 3480 1205 3533 Sicut

164 3579 230 3630 999.
247 3566 339 3626 Quem,
351 3561 476 3632 aliquem.
498 3562 540 3614 Ita
557 3561 647 3613 obser-
690 3558 773 3612 mado
786 3557 965 3612 adolescentes
978 3557 1153 3630 descripserat
1165 3578 1206 3612 re·

127 3640 219 3693 vande
239 3639 402 3692 constructio
426 3640 568 3693 verborum
591 3639 652 3690 hoo
692 3657 752 3692 rum
770 3637 922 3708 imperitos,
942 3638 978 3690 ita
992 3655 1082 3689 senem
1098 3651 1206 3688 nunoa

129 3731 169 3772 est
182 3721 225 3770 :Si
237 3721 311 3770 vuius
325 3722 432 3786 aliquem
450 3722 502 3770 lacae
520 3720 649 3786 reprehen-
693 3716 784 3790 peritia
801 3715 905 3782 laudat,
920 3717 967 3789 qui
985 3716 1063 3768 sciret
1080 3715 1219 3783 quosaam*

129 3803 210 3860 dere,
224 3809 277 3850 etc.
286 3816 344 3865 que
351 3817 397 3848 vos
407 3834 415 3860 ‚
426 3809 477 3850 etc.
493 3817 548 3848 ecee
556 3816 594 3847 me
603 3791 650 3868 qai
694 3817 755 3866 opus
766 3798 807 3849 sit.
816 3795 1005 3850 Booten-sic
1016 3795 1045 3848 in
1058 3793 1155 3847 Heaut.
1166 3807 1207 3846 vot

128 3876 160 3929 id
174 3876 273 3927 faciam
283 3874 547 3929 vobis.Adnotathic
560 3874 650 3927 Dacie
698 3883 766 3942 114,
785 3875 856 3928 filius
878 3874 986 3948 quidam
1006 3885 1082 3946 putat
1104 3885 1207 3944 patrem

129 3957 172 4008 ria
183 3953 258 4024 quod
270 3954 293 4006 it
304 3952 402 4025 optime
415 3953 448 4006 ad
462 3971 528 4016 rem,
543 3965 568 4005 et
581 3951 651 4004 bene
691 3958 749 4022 plus
761 3957 822 4005 seire
841 3966 867 4006 et
877 3951 1020 4025 providere
1038 3970 1118 4026 quarn
1129 3971 1156 4004 se
1168 3951 1209 4021 ip·

130 4036 224 4086 Poetae
232 4033 376 4086 artificium
386 4033 518 4087 declarat:
529 4057 539 4079 ι
551 4032 601 4084 Les
611 4049 652 4082 ca·
696 4049 754 4083 sum
767 4031 867 4083 sibi.-
878 4031 1012 4099 Defratre.
1021 4030 1192 4103 Ctesiphone.
