2834 4788
267 403 269 409 .
349 352 585 456 ¹aionien.
614 314 913 421 P‘uonocus.

105 490 289 556 Furtumne
309 483 434 554 factum
455 485 678 570 existumetis,
698 509 741 552 an
760 483 871 553 locum

106 591 378 687 Reprehensum,
390 592 448 685 qui
466 590 651 698 pqaeteritus
669 590 869 685 negligentia
884 589 932 658 ’st

105 701 195 768 Nam
214 696 306 791 quod
322 699 376 765 isti
393 697 508 766 dicunt
528 695 698 778 malevoli,
714 697 865 766 homines
882 694 1010 764 nobiles
1153 720 1176 758 ις

106 808 195 872 Eum
211 803 379 897 adjutare,
392 803 586 897 assidueque
604 827 671 872 una
689 803 864 890 scribere,¹

107 909 210 1000 Quod
231 908 277 977 illi
298 907 510 978 maledictum
532 910 710 978 uehemens
731 934 801 978 esse
822 911 1037 988 existumant,

107 1021 193 1086 Eam
208 1014 341 1085 laudem
358 1015 415 1085 hic
437 1015 529 1084 ducit
546 1039 753 1101 maxumam,
775 1041 876 1110 quum
899 1013 961 1084 illis
983 1013 1108 1108 placet,

108 1124 182 1212 Qui
193 1121 288 1191 vobis
303 1122 465 1191 universis
482 1137 516 1190 et
533 1121 658 1216 populo
673 1121 824 1216 placent;

109 1230 262 1318 Quorum
284 1252 385 1322 opera
404 1229 443 1296 in-
457 1225 560 1316 bello,
573 1229 617 1319 in
637 1230 723 1310 otio,
740 1229 773 1296 in
792 1228 937 1323 negotio,

109 1337 178 1404 Suo
200 1335 338 1428 quisque
359 1349 510 1428 tempore
529 1359 592 1404 usu
608 1333 648 1403 ’st
668 1336 742 1403 sine
755 1333 918 1428 superbia.

153 1540 198 1595 13.
218 1541 350 1593 Furtumne
360 1541 453 1608 factam
468 1545 623 1595 existumetis.

108 1623 151 1673 An
165 1620 264 1692 putetis
269 1621 426 1674 Terentium
436 1621 500 1674 furti
507 1621 572 1674 vitio
581 1639 623 1674 ac·

108 1699 354 1754 creandum-An
363 1703 440 1754 locum
453 1703 623 1773 reprehensum.

108 1782 303 1852 Resumptum,
319 1779 353 1832 de
367 1781 469 1852 integro
482 1794 625 1834 tractatum

111 1871 217 1930 aposta
227 1871 319 1912 nostro
331 1861 434 1925 locum,
448 1879 527 1931 quem
541 1861 625 1913 Plau·

111 1951 155 1992 tus
167 1940 320 2010 neglectum
334 1939 466 1992 omiserat.
479 1941 555 1992 Fam.

156 2025 202 2081 14.
240 2019 291 2088 Qui
321 2023 458 2090 preteritas
480 2021 627 2090 negligentia

667 1559 728 1594 rum
736 1541 781 1595 hic
788 1540 904 1594 oratorie
915 1539 1017 1595 crimen
1025 1560 1080 1593 non
1087 1540 1181 1610 tangit.

669 1620 765 1675 Donat.

711 1719 756 1771 17.
767 1701 838 1754 Esse.
850 1699 957 1751 Omittit
967 1698 1180 1752 Erasm-Ma‘-

668 1780 779 1832 Iedictum
800 1780 933 1831 vehemens.
964 1778 1052 1832 Grave
1077 1778 1181 1849 vitupe-
1240 1811 1247 1854 Ι-

670 1861 751 1913 rium

712 1943 757 1994 18.
774 1938 839 1990 Eam
853 1937 957 1992 landem.
970 1937 1066 1990 Dicere
1080 1937 1108 1990 id
1126 1939 1180 1990 lau·

670 2021 738 2085 dm,
748 2019 860 2071 barbare
872 2030 952 2082 esset3
965 2017 1013 2070 etsi
1021 2037 1074 2068 eam
1084 2029 1184 2088 spectat

112 2110 158 2150 est.
169 2099 203 2150 In
215 2098 313 2150 honam
327 2111 430 2169 partem
443 2113 564 2152 sumatur
583 2098 628 2151 hic
668 2097 703 2152 ad
717 2099 793 2170 quod,
804 2117 842 2152 vs.
859 2115 903 2168 ¹7·
919 2098 1078 2166 Exemplum
1092 2110 1131 2150 est
1148 2095 1182 2150 de

112 2196 167 2229 vox
180 2177 344 2246 negligentia,
360 2163 428 2231 sicut
436 2179 464 2231 in
478 2177 562 2232 Andr.
578 2197 628 2242 πο,

117 2282 130 2304 ιι
139 2257 262 2322 Quorum
272 2257 387 2308 aemulari
395 2270 501 2329 exoptat
507 2259 629 2328 negligen-

112 2333 181 2388 tiam}
193 2361 205 2384 ι
215 2341 373 2389 -Necesse
398 2350 452 2404 est,
464 2340 485 2390 si
498 2339 558 2414 quie
573 2339 629 2394 haec

113 2417 185 2468 hene
197 2415 332 2468 intellecta
343 2416 473 2481 voluerit,
485 2417 535 2470 sibi
550 2435 628 2473 revo-

113 2508 157 2547 cet
167 2495 196 2546 in
210 2487 382 2558 memoriam,
396 2496 464 2548 hanc
474 2497 553 2549 fuisse
566 2516 630 2549 con·

113 2573 284 2626 suetudinem
293 2575 631 2646 poetislatinis,utcrimini

113 2672 172 2704 nou
188 2654 350 2724 imputarent
366 2653 471 2726 aliquid
489 2653 522 2707 de
545 2674 631 2731 greco

117 2732 260 2784 transferre
277 2733 306 2784 in
324 2732 454 2786 latinum:
473 2754 581 2797 aerum,
602 2745 633 2786 ut

116 2809 227 2874 adnotat
239 2812 378 2884 Eugraph.
391 2811 460 2864 illud
475 2831 530 2866 esse
541 2813 633 2864 crimi-

115 2891 173 2955 nis,
192 2889 220 2943 id
237 2889 339 2958 dicere,
357 2891 431 2962 quod
448 2895 502 2963 jem
519 2911 534 2944 a
549 2892 632 2946 latino

117 2969 211 3024 fuisset
219 2989 381 3041 expressum.

166 3049 211 3102 15.
224 3050 289 3104 Nam
300 3051 366 3122 quod
375 3054 416 3103 isti
429 3051 518 3108 dictent.
533 3051 634 3104 Intelli-

117 3147 166 3200 ge‚
190 3141 217 3180 ut
239 3133 328 3182 ueniam
350 3130 385 3181 ad
406 3131 468 3183 illud
480 3131 545 3203 quod
552 3171 559 3193 ,
583 3143 633 3184 etc.

119 3209 633 3280 Habetrramiucipiendivim,utPlaut.

118 3287 183 3341 Mil.
193 3289 220 3353 1,
237 3285 309 3353 r,5‚
327 3315 338 3336 ι
351 3290 416 3343 Nam
431 3309 488 3360 ego,
503 3291 636 3342 hanama-

119 3366 237 3420 chaeram
253 3386 338 3420 meam
350 3367 419 3423 dico.
432 3397 442 3416 »ι
458 3371 523 3421 Dim.
534 3370 635 3420 -Ho-

120 3449 198 3498 mines
212 3447 309 3500 nobiles.
325 3449 478 3520 Scipionem
490 3489 497 3514 ,
508 3450 636 3514 Laelium,

119 3526 237 3579 Furium
248 3527 387 3594 Publium,
395 3528 522 3600 Snlpitium
535 3528 636 3582 Gallum

670 2180 770 2232 multis.
786 2177 891 2230 Sallust.
904 2177 1010 2231 Catilin.
1023 2177 1069 2230 II:
1083 2203 1093 2224 ι
1105 2175 1181 2229 Idem
1199 2242 1201 2248 Α

670 2259 829 2328 vellentque
843 2255 914 2309 idem
926 2257 1012 2320 nolle,
1033 2276 1061 2307 ea
1075 2253 1183 2309 demum

671 2338 748 2390 firma
762 2336 877 2398 amicitia
889 2349 935 2389 est.
947 2361 958 2382 ι
976 2337 1044 2388 Peri.
1053 2337 1183 2406 —Qurun
1242 2384 1246 2392 ,

672 2417 817 2487 illisplacet‚
827 2428 876 2468 etc.
888 2413 1008 2468 Modeste
1019 2427 1046 2468 et
1058 2414 1091 2468 de
1103 2413 1182 2467 iudu-

672 2498 736 2550 stria
746 2498 781 2549 ita
793 2495 926 2566 loquitur,
937 2496 1012 2566 quasi
1024 2495 1103 2547 vellet
1113 2493 1185 2549 diee-

672 2595 719 2630 re:
734 2602 745 2624 ι
757 2575 849 2640 Quum
868 2573 903 2628 ad
919 2573 1124 2627 familiaritatem
1140 2593 1185 2626 eo·

673 2675 734 2709 rum
745 2654 908 2718 admittitur3
922 2673 1005 2726 quum
1016 2655 1108 2710 talium
1119 2653 1188 2708 viru-
1277 2684 1282 2698 .

673 2753 735 2787 rum
744 2732 847 2804 judicio
861 2733 890 2784 in
903 2731 1072 2785 recensendis
1089 2731 1188 2784 fabulis

675 2813 729 2866 suis
742 2813 834 2864 utitur.
847 2837 858 2858 ι
870 2811 947 2863 Boecl.

718 2909 758 2960 ¹9·
772 2891 857 2943 Vobis.
870 2889 993 2957 Quidam.
1003 2902 1097 2944 vetust.
1111 2889 1186 2947 cedi·

675 2991 718 3026 ees
738 2972 829 3042 legunt
842 2971 928 3032 nobis,·
952 2971 1027 3041 quasi
1049 2989 1134 3024 sermo
1154 2970 1189 3024 de

676 3071 755 3124 grege
767 3051 985 3104 histrionum-
992 3049 1066 3102 Vobis
1077 3055 1191 3104 universis

676 3144 700 3184 et
709 3132 807 3202 populo.
830 3131 865 3182 Et
884 3129 972 3192 vobis,
997 3143 1128 3201 quotquot
1143 3130 1189 3184 hic

677 3211 752 3276 estis,
764 3224 789 3263 et
804 3209 929 3262 universo
944 3208 1053 3278 populo.

720 3309 756 3342 ao
766 3329 774 3352 ‚
788 3308 834 3342 21.
851 3289 901 3342 Usu
906 3289 943 3340 'st.
951 3288 1030 3340 Both.
1040 3288 1136 3341 omittit
1146 3303 1189 3342 est.

677 3401 717 3416 -
727 3371 834 3440 Quorum
847 3388 932 3438 opera·
945 3400 953 3416 ο
966 3401 973 3414 ·
986 3378 992 3434 ¹,
1005 3401 1013 3414 ·
1031 3365 1081 3419 Suo
1093 3371 1190 3441 quisque

679 3461 780 3520 tempore
791 3449 868 3500 usu'st
878 3452 928 3500 sine
940 3447 1059 3517 superbia.
1068 3447 1191 3511 Quorum

678 3528 888 3582 benevolentiam
901 3540 1023 3598 expertus
1034 3540 1072 3578 est
1081 3527 1193 3598 quisque

120 3619 150 3660 et
161 3604 288 3671 alios;de
300 3606 396 3677 quibus
405 3609 439 3661 cf.
451 3607 485 3660 ad
496 3609 575 3660 vitam
587 3609 637 3660 Te·
679 3609 796 3672 civium,
817 3621 963 3677 utcumque
982 3606 1025 3659 cui
1043 3625 1110 3676 opus
1137 3621 1192 3659 erat

119 3685 223 3750 rentii,
237 3685 265 3736 iu
281 3687 370 3756 primo
391 3688 539 3752 volumine;
556 3701 580 3740 et
604 3686 639 3740 ad
683 3689 764 3759 opera
786 3687 909 3751 illorum,
923 3687 979 3738 sine
993 3686 1080 3756 aliqua
1097 3705 1193 3738 eorum

121 3763 358 3827 dissertationem,
373 3785 431 3838 pag.
448 3787 514 3831 xxx,
533 3780 558 3820 et
572 3786 639 3838 prse-
683 3766 895 3838 superbia-In
908 3765 986 3828 bello,
999 3769 1024 3816 in
1034 3769 1098 3828 otio,
1112 3769 1136 3816 in
1152 3786 1194 3818 ne·

122 3845 234 3908 sertim,
249 3862 308 3916 pag.
321 3865 411 3900 xxxrv.
499 3915 502 3917 -
682 3851 757 3915 gotio.
768 3846 829 3899 Haec
838 3846 940 3916 singula
952 3844 1062 3914 singulis
1073 3844 1194 3900 tribuun-

175 3927 219 3974 16.
228 3925 292 3975 Eum
304 3926 424 3994 uolutare,
436 3927 573 3995 assidueque
583 3947 638 3982 tarsu,
686 3940 740 3978 tur.
753 3929 870 3978 Donatus
883 3927 911 3976 τὸ
926 3928 951 3976 in
964 3925 1026 3976 bello
1049 3923 1085 3976 ad
1097 3925 1197 3996 Scipio-

124 4015 180 4055 etc.
194 4003 254 4055 Non
268 4004 304 4056 sie
324 4005 389 4058 dicit
403 4004 580 4068 adversarium
596 4025 639 4064 ve·
685 4026 745 4066 nem
762 4006 931 4069 Africanum,
943 4003 1070 4057 inotiond
1085 4005 1194 4065 Furium
