2812 4788
233 319 283 418 96
452 313 635 384 PUBLII
662 311 920 382 TERENTII
947 312 1070 378 AFRI

234 454 300 520 AEs.
312 443 425 538 Quid?
436 445 548 539 jamne
557 441 716 544 uxorem?
732 445 815 514 Mrc.
827 446 912 510 Jam.
927 444 997 511 AEs.
1012 440 1298 530 dammis-iam,

390 566 550 647 quantum
565 562 683 645 potest.
696 549 764 619 AEs.
777 547 822 618 Di
835 572 904 634 me,
916 561 1028 642 pater,

235 665 360 732 Omnes
377 658 523 749 oderint,
541 657 575 722 ni
594 655 698 749 magis
717 668 768 742 te,
785 678 886 747 quam
902 651 1016 723 oculos
1034 675 1124 722 nunc
1140 677 1203 747 ego
1221 677 1298 724 amo

389 787 491 832 meos.
682 751 685 756 ¹
1260 785 1297 840 70⁵

131 907 134 914 ’
235 875 320 943 Mlc.
335 869 449 960 Quid?
460 892 559 962 quam
570 864 679 936 illam?
692 867 759 938 AEs.
771 865 884 958 AEque.
899 865 985 934 M1c.
999 862 1210 958 Perbenigne.
1227 864 1295 933 AEs.

393 960 506 1064 Quid?
519 972 573 1042 ille
588 973 646 1042 ubi
660 987 712 1042 est
722 969 892 1040 Milesius?

204 1151 212 1176 ,
237 1086 321 1154 Mic.
338 1082 440 1166 Abiit,
459 1080 575 1175 periit,
598 1103 718 1148 navem
741 1076 907 1148 ascendit:
927 1073 1062 1146 sedeur
1080 1074 1210 1146 cessas?
1228 1077 1296 1144 AEs.

394 1187 475 1268 Abi,
491 1199 604 1280 pater,
891 1183 892 1186 ’

237 1297 289 1363 Tu
301 1294 412 1388 potius
423 1295 514 1362 Deos
526 1300 738 1384 comprecare
753 1316 761 1358 ε
778 1311 856 1356 nam
871 1287 930 1356 tibi
944 1309 1002 1356 eos
1023 1303 1114 1356 certo
1129 1287 1215 1374 scio,

237 1402 315 1489 Quo
324 1401 377 1468 vir
385 1396 500 1468 melior
508 1395 614 1466 multo
625 1420 660 1464 es
677 1419 776 1490 quam
793 1419 873 1488 ego,
885 1393 1172 1492 obtemperaturos
1184 1395 1297 1496 magis.

237 1509 322 1577 Mrc.
335 1509 408 1600 Ego
422 1505 579 1590 cointio,
594 1516 648 1589 ut,
667 1526 740 1596 quae
750 1525 835 1595 opus
846 1513 937 1588 sunt,
951 1514 1128 1593 parentum
1144 1513 1182 1568 tu
1197 1499 1250 1568 fac
1262 1514 1299 1568 ut
1383 1577 1387 1586 Ι

393 1610 479 1697 dixi,
501 1611 527 1678 si
544 1610 639 1703 sapis.
857 1642 859 1648 ¹
1262 1643 1299 1684 ,ω

272 1767 334 1832 704.
353 1767 440 1811 Iamne
460 1777 571 1810 uacum.
592 1757 642 1810 Ms.
662 1757 743 1810 Paris.
789 1754 878 1807 ridens
901 1755 957 1808 hac
981 1753 1077 1807 dixisse
1096 1771 1103 1806 :
1121 1765 1151 1806 ut
1172 1752 1300 1825 intelligat

237 1841 298 1893 Par.
311 1858 414 1890 uxorem
430 1842 486 1889 duc.
500 1867 535 1878 -·
550 1841 642 1902 Quane.
655 1850 744 1905 potest.
787 1835 943 1900 AEschinus‚
966 1835 1109 1890 Micionem
1127 1837 1189 1907 J'ooo
1222 1833 1300 1886 fuisse

236 1919 339 1970 Vetera·
351 1917 395 1967 Be.
405 1915 463 1968 cod.
469 1917 601 1982 potestsie,
611 1933 659 1986 pro
670 1914 744 1985 vulg.
789 1915 935 1968 mentitum.
949 1921 1043 1968 Donat.
1053 1915 1159 1966 —Fere
1177 1913 1300 1966 eumdem

231 2011 313 2066 potes.
333 2026 368 2036 —
381 2001 471 2046 Iamne
491 2013 612 2057 uxorem,
634 1993 745 2065 supple,
789 1993 940 2048 adsensum
953 1993 1079 2060 omnino,
1103 1993 1210 2046 etitem
1228 1995 1301 2066 inge-

237 2076 307 2130 hano
321 2073 385 2126 mihi
405 2071 546 2126 concedis?
560 2073 670 2126 -Mrc
680 2079 745 2126 Iam.
789 2073 863 2126 niose
876 2072 985 2126 adnotat
997 2072 1042 2124 hio
1055 2076 1202 2125 Lemcnnier
1212 2095 1222 2124 .-
1231 2073 1301 2126 «tti-

238 2159 328 2208 AEscu.
348 2159 412 2206 Iam.
425 2151 493 2204 Mire
512 2151 623 2204 affectus
644 2150 674 2202 in
695 2149 747 2204 hac
789 2153 850 2206 cion
863 2150 966 2222 repond
979 2150 1171 2222 rapidements
1185 2153 1210 2203 la
1224 2169 1300 2222 ques-

237 2251 316 2286 scena
331 2229 506 2285 commutavit
520 2240 546 2280 et
558 2229 670 2282 variavit
682 2228 748 2280 Poe·
790 2231 847 2284 tion
859 2227 1026 2284 d'Eschiuus.
1036 2231 1155 2285 Terence
1165 2232 1252 2284 aurait
1264 2234 1303 2282 re·

236 2306 292 2364 ta*
334 2323 357 2363 st
377 2327 469 2362 curam
490 2320 517 2360 et
541 2306 748 2360 sollicitudinem
789 2309 869 2362 froidi
888 2309 915 2362 la
937 2315 1032 2370 scene,
1054 2310 1097 2362 s'il
1117 2309 1163 2362 citt
1182 2308 1302 2381 explique

237 2311 748 2457 AEdffinianimoincussamffiaudendi
789 2387 1303 2458 pluslonguementiafabledel'homme

238 2468 375 2522 materiam
383 2465 490 2520 abunde
501 2463 649 2536 suppeditat
658 2463 748 2531 Micio,
781 2467 1303 2540 ¹deMilet.Lespectateurtitaitpreveuu

234 2551 348 2620 jocoque
376 2545 484 2616 insuper
512 2557 539 2599 et
568 2543 747 2596 familiaritate
790 2545 823 2600 de
834 2558 902 2599 cette
913 2547 1014 2600 fiction.
1026 2547 1155 2600 Eschinus
1166 2565 1199 2600 en
1209 2559 1249 2600 est
1264 2565 1302 2599 as-

238 2623 406 2680 oommendat
413 2661 422 2688 ,
437 2642 476 2676 vs.
489 2627 550 2694 706.
560 2627 636 2676 Boecl.
650 2653 686 2663 -
695 2624 748 2674 Ac·
790 2643 832 2678 sez
845 2626 1006 2697 instruitpar
1015 2645 1046 2678 ce
1059 2645 1113 2697 peu
1124 2625 1159 2678 da
1170 2635 1269 2678 mats.»

237 2707 315 2760 cessit
333 2705 367 2758 ad
390 2703 551 2758 beneficium
576 2715 693 2775 tempus«
714 2703 748 2756 Et
826 2707 885 2776 708.
901 2709 982 2759 Certo.
996 2705 1070 2758 Brot.
1083 2705 1303 2777 Delph.esrte.-
1393 2685 1394 2764 Ῑ

238 2785 298 2840 ideo
304 2789 362 2853 jam
371 2783 448 2855 quasi
458 2783 570 2854 gestiens
581 2783 677 2854 repetit
687 2780 749 2836 ado·
790 2789 857 2836 Nam
875 2787 919 2836 tibi
936 2803 977 2834 eos
995 2798 1061 2834 certo
1082 2787 1146 2849 seio,
1165 2794 1216 2836 etc.
1236 2783 1302 2836 Mira
1393 2771 1394 2796 ³

237 2866 346 2916 lescens.
365 2868 432 2912 Don.
791 2863 932 2926 sententia,
942 2863 1011 2914 Deos
1018 2863 1128 2933 obsequi
1134 2861 1221 2928 bonis,
1230 2861 1303 2932 qussi
1393 2873 1394 2914 t

273 2944 333 3011 706.
356 2942 438 3004 Quida²
458 2954 532 3004 quam
552 2940 639 2988 illam?
649 2938 748 2991 Plena:
791 2941 870 3013 bonis
886 2940 1038 2993 hominibus
1049 2943 1162 2995 multum
1179 2941 1302 2994 debeant.
1393 2957 1394 3010 j

239 3015 750 3086 menagisamas,quamtttamesGrate
792 3020 825 3071 Et
837 3020 866 3072 in
880 3021 1076 3074 excusationem
1091 3021 1302 3094 precandiDeos,

238 3095 622 3168 hocetjocose.-Psrbenigne.
633 3094 750 3147 Multum
793 3098 853 3151 vide
870 3118 929 3170 quc
949 3101 1060 3155 facultas
1078 3113 1139 3155 nata
1154 3100 1187 3152 sit
1202 3111 1303 3171 patrem
1393 3087 1394 3166 i

237 3188 326 3248 putat,
339 3175 401 3247 quia
412 3184 513 3226 amator
530 3173 582 3224 hoe
591 3172 672 3238 dixit:
687 3191 750 3243 ergo
768 3189 772 3196 “
792 3177 849 3230 sine
866 3180 1043 3232 assentatione
1056 3177 1192 3233 laudandi.
1205 3177 1303 3232 Grade-

238 3259 340 3325 benigna
353 3253 485 3324 significat
500 3251 570 3324 large
584 3251 750 3323 abundeque.
793 3251 1304 3331 bantenimveteresjpietatemDeorum
1393 3287 1394 3292 =

238 3337 362 3402 -Qm'ds²
375 3333 501 3385 Formula
517 3331 703 3402 interrogantis
716 3331 751 3385 de
794 3329 873 3406 sique
884 3337 1127 3408 parentumauxilio
1136 3337 1228 3390 liberis
1240 3355 1302 3389 esse.
1393 3365 1394 3404 1

239 3415 334 3468 aliare.
793 3414 898 3468 AEneid.
909 3416 951 3480 ΙΙ,
962 3433 1014 3488 717
1026 3437 1033 3466 ε
1044 3418 1104 3469 «Tu
1113 3416 1228 3488 genitor,
1239 3433 1304 3487 cape
1393 3437 1394 3474 ς

275 3510 334 3562 7ο7.
345 3491 422 3573 Adiit,
431 3491 519 3556 periit,
529 3501 578 3540 etc.
588 3489 683 3542 Facete
693 3489 752 3544 hec
785 3513 867 3561 sacra
889 3513 981 3560 manu,
1000 3496 1154 3567 patriosque
1166 3506 1304 3566 penates.»
1393 3515 1394 3524 ¹

239 3570 334 3633 Micio,
347 3588 381 3621 ne
402 3567 518 3622 diceret:
536 3567 662 3621 Mentitus
681 3587 749 3624 sum.
793 3573 863 3626 Citat
875 3572 918 3627 hic
929 3574 1049 3630 Daeieria
1058 3592 1164 3628 versum
1177 3571 1302 3625 Hesiodi:
1393 3615 1394 3626 ,

59 3681 62 3684 -
150 3719 153 3724 ,
238 3651 324 3721 Atque
337 3646 752 3712 itadixit,utinfantibusnutri·
793 3643 861 3726 Εργσ.
877 3658 946 3720 νέων,
967 3651 1096 3721 societati
1117 3656 1215 3726 μέσων,
1232 3653 1303 3722 εὐχαὶ

239 3747 282 3782 ces
298 3727 331 3782 de
342 3726 474 3778 terriculis
482 3726 570 3778 dicere
577 3727 751 3798 solenttquas
793 3730 823 3788 di
837 3736 965 3806 γερόντων.

239 3825 322 3877 quum
340 3806 403 3876 ipsae
425 3805 618 3869 confluxerint,
642 3807 751 3860 abolitas
830 3829 889 3880 7⁰9·
905 3816 985 3878 Quam
997 3831 1051 3880 ego.
1066 3810 1161 3881 Delph.
1173 3821 1249 3877 quam
1258 3827 1305 3876 ego

240 3885 346 3950 volturt,
366 3897 507 3956 postquam
524 3884 647 3954 puerulos
659 3883 749 3938 vident
793 3910 853 3941 sum.

239 3962 352 4016 nimium
376 3981 482 4032 pavere.
504 3964 536 4014 Et
561 3963 626 4016 mihi
644 3961 750 4018 videtur
830 3985 890 4036 710.
903 3966 954 4018 Hic
966 3978 1111 4033 versus‚ut
1121 3968 1240 4020 Donatus
1256 3967 1306 4029 ait,
