2812 4788
243 351 309 398 roo
468 327 642 396 PUBLII
667 321 921 394 TERENTII
945 325 1068 392 AFRI

237 459 375 555 Dempsi
388 473 511 526 metum
529 481 659 526 omnem
676 481 683 523 :
699 455 771 526 hac
785 481 880 550 mage
899 471 975 526 sunt
985 455 1138 525 hominis.
1148 457 1214 523 Dn.
1229 455 1301 523 Ce·
1400 441 1401 444 ¹

393 579 518 650 terum,
1261 585 1302 638 7⁴⁰

236 671 348 741 Placet
363 671 423 740 tibi
439 669 581 753 lactum,
593 663 723 735 Micio?
740 667 823 736 Mic.
840 665 934 750 Non,
952 667 978 734 si
993 691 1111 761 queam

237 780 391 864 Mutare3
414 799 521 859 nunc,
537 797 639 867 quum
659 795 727 840 non
747 796 850 865 queo,
872 773 982 841 animo
1000 799 1094 868 aequo
1109 772 1189 841 fero.

156 963 162 976 ,
235 886 287 952 Ita
305 885 373 951 vita
386 885 427 950 ’st
447 879 637 964 hominum,
657 878 750 971 quasi
764 903 867 972 quum
886 877 979 947 ludas
997 881 1137 948 tesseris.

236 991 270 1057 Si
290 987 390 1074 illud,
410 985 499 1080 quod
514 1007 667 1053 maxume
685 1008 768 1077 opus
786 998 836 1052 est
846 985 954 1077 jactu,
975 1009 1044 1054 non
1062 984 1171 1070 cadit;

232 1093 320 1163 Illud
342 1092 431 1188 quod
453 1091 570 1161 cecidit
590 1089 695 1178 forte,
714 1089 749 1157 id
761 1103 832 1158 arte
850 1103 888 1158 ut
903 1091 1057 1184 corrigas.
1258 1113 1302 1166 με

234 1203 299 1269 Dis.
320 1193 513 1268 Correctorl
533 1221 654 1290 nempe
671 1210 729 1264 tua
746 1209 817 1262 arte
837 1197 954 1290 viginti
971 1197 1069 1264 minae

232 1309 298 1376 Pro
316 1303 451 1400 psaltria
469 1303 614 1398 periere,
632 1325 721 1395 quae,
737 1315 900 1395 quantum
916 1315 1043 1396 potest,

232 1411 352 1506 Aliquo
371 1407 554 1504 abjicienda
575 1423 646 1491 est;
666 1407 692 1475 si
713 1430 782 1475 non
796 1408 924 1501 pretio,
949 1409 1069 1502 gratiis.

230 1519 314 1587 Mic.
335 1520 450 1610 Neque
462 1529 529 1598 est,
551 1538 658 1608 neque
676 1510 764 1580 illam
783 1536 861 1582 sene
879 1513 997 1582 studeo
1016 1513 1170 1582 vendere.

231 1626 297 1693 Dr.
321 1622 411 1712 Quid
428 1620 482 1690 illa
498 1621 598 1714 igitur
613 1611 736 1688 facias?
747 1619 832 1687 Mic.
846 1621 947 1688 Domi
962 1621 1032 1688 erit.
1043 1621 1109 1688 Du.
1126 1619 1217 1689 Proh
1236 1619 1297 1688 Di·

389 1751 469 1796 vum
487 1725 610 1794 fidem!
1257 1746 1299 1800 750

202 1979 204 1984 .
266 1945 325 2006 740.
339 1941 446 2005 Dempsr'.
457 1937 515 1990 Par.
534 1938 584 1990 Ms.
594 1939 742 2005 depressi-
821 1937 881 2006 745.
896 1941 929 1989 Id
942 1953 996 1988 arte
1012 1953 1040 1988 ut
1058 1939 1145 2006 corr-ig.
1164 1935 1246 1988 Both.
1262 1937 1301 1986 ad

232 2021 315 2084 Mage.
332 2015 373 2068 Ita
390 2016 467 2068 Bent.
489 2015 530 2068 ed.
550 2016 648 2087 ubique
669 2016 742 2068 loco·
785 2021 993 2085 artemuteorn'g.
1004 2048 1039 2057 -
1051 2022 1135 2079 Forte,
1145 2031 1212 2076 aree,
1226 2013 1298 2068 dicte

230 2097 743 2166 rum,promagis.—Dempsimetumom·
785 2094 1048 2168 peroppositionem.

233 2195 298 2228 reem.
311 2175 425 2227 Omnem
437 2173 539 2226 timoris
559 2191 664 2225 cauum
683 2171 743 2225 arle-
822 2180 882 2246 746.
899 2181 1032 2228 Correeeor.
1047 2174 1128 2227 Initio
1146 2172 1300 2237 virulenta,

232 2253 271 2305 mi
284 2253 361 2304 matri
381 2265 408 2304 et
429 2251 581 2322 virgini—
597 2257 656 2302 Heee
673 2269 745 2320 mage
786 2253 850 2324 quia
863 2254 944 2318 dixit,
960 2265 1057 2307 artent
1072 2256 1300 2322 oenigma-Tua
1400 2269 1401 2316 q

231 2347 288 2383 sunt
299 2335 411 2384 hominis.
429 2331 501 2383 Bene
517 2329 611 2402 repetit
624 2333 742 2394 hominis,
787 2347 859 2395 arte,
880 2334 964 2404 pergit
984 2331 1131 2386 irridendo.
1149 2362 1184 2372 -
1205 2333 1301 2400 Viginti

232 2409 305 2481 quod
318 2415 418 2466 Demea
434 2407 546 2473 dixerat,
560 2428 599 2462 vs.
612 2409 681 2479 7373
697 2407 744 2462 sed
787 2413 873 2470 minoe,
888 2413 970 2465 soille.
982 2412 1075 2484 quanti
1086 2422 1186 2465 emerat
1194 2409 1301 2480 AEschi·

230 2487 330 2561 liquet,
343 2508 397 2560 quo
409 2507 486 2542 sensu
498 2489 619 2560 accipiat.
627 2489 661 2540 Et
668 2506 745 2540 revo·
787 2508 837 2541 nus
851 2490 1000 2560 psaltriam,
1013 2502 1105 2563 paratu
1116 2489 1238 2542 tuicionis
1250 2507 1299 2560 pe·

231 2579 308 2622 eatur
325 2569 414 2620 animo
434 2566 614 2640 pulcherrima
632 2585 692 2637 qua
706 2577 745 2620 est
786 2569 873 2622 cunia.
885 2569 926 2622 Cf.
939 2589 1011 2642 supr.
1026 2571 1085 2640 370.

230 2647 259 2701 in
280 2647 580 2701 Heautontimorumeno
599 2646 745 2711 sententia,
823 2657 884 2719 747.
909 2655 1033 2716 Quantum
1048 2663 1144 2717 potest,
1165 2657 1299 2719 quantum
1399 2653 1400 2668 ³

233 2747 272 2782 vs.
291 2747 334 2798 77,
348 2728 402 2781 vol.
416 2728 445 2794 1,
463 2745 522 2798 pag.
538 2727 590 2779 320
607 2745 613 2779 ε
634 2752 645 2772 ι
657 2725 744 2778 Homo
786 2728 884 2800 poterit
894 2727 959 2780 fleri.

232 2824 308 2859 sum:
323 2805 433 2857 humani
450 2805 548 2856 nihila
572 2823 614 2857 me
626 2805 744 2858 alienum
825 2812 884 2872 748.
899 2809 1000 2858 Gratiis.
1016 2807 1073 2860 Lib.
1087 2805 1169 2876 antiq.
1186 2819 1215 2855 at
1228 2818 1298 2872 grat.

233 2897 327 2956 puto.»
788 2886 852 2939 Mes.
867 2887 929 2938 Pell.
948 2890 993 2937 vel
1004 2900 1070 2954 grae.
1087 2884 1140 2938 Alii
1157 2887 1244 2952 gratis.
1262 2913 1299 2924 -

270 2966 407 3034 7lt·N⁰'¹·
420 2959 502 3031 Supp.
512 2959 637 3030 placeret.
788 2967 952 3034 Abjr'cr'enda,
977 2964 1107 3036 abigenda
1133 2963 1180 3017 rili
1205 2962 1304 3033 quovis

270 3047 330 3112 742.
341 3045 398 3092 Non
412 3058 484 3106 queo.
499 3039 548 3092 Ms.
558 3038 633 3110 quid.
642 3059 746 3108 nequeo.
788 3044 881 3114 pretio.
900 3043 1027 3096 Nondum
1042 3045 1092 3098 scit
1103 3046 1216 3104 Demea,
1230 3041 1303 3094 umi-

272 3120 333 3191 743.
348 3122 427 3188 Quasi
439 3137 523 3186 quum.
538 3119 614 3171 Bent.
630 3123 704 3187 quasi
715 3124 744 3171 εἰ.
789 3141 850 3175 cam
875 3122 1042 3194 Ctesiphonis
1072 3121 1121 3174 filii
1146 3140 1202 3174 esse
1227 3119 1304 3173 hane

236 3228 273 3242 -···
283 3205 323 3251 lu
335 3201 391 3250 nita
405 3198 435 3249 'st
446 3202 538 3252 homin.
559 3212 609 3253 etc.
627 3199 691 3252 Plat.
713 3199 747 3253 de
789 3201 935 3273 psaltriam.
947 3233 983 3243 -
996 3205 1103 3266 Gratiis,
1117 3220 1171 3254 non
1192 3211 1303 3271 accepta

238 3283 305 3351 llep.
323 3278 366 3330 X:
382 3278 461 3349 ὥσπερ
475 3280 497 3330 lu
507 3276 680 3330 moestuosos
689 3281 748 3350 πρὸς
790 3300 881 3334 rursus
894 3282 1015 3353 pecunia.

238 3359 270 3412 τὰ
281 3359 429 3412 πεπτωκότα
437 3359 538 3412 τίθεσθαι
550 3356 582 3410 τὰ
594 3361 749 3432 αὺτοῦπράγ·
826 3367 887 3431 749.
902 3367 989 3428 Neque
999 3375 1043 3412 est.
1060 3357 1179 3414 Subuudi
1192 3377 1225 3412 ex
1238 3377 1302 3430 sup.

239 3447 316 3508 paru.
339 3439 437 3490 Pariter
451 3437 503 3491 hac
524 3437 611 3510 ligura
626 3438 668 3492 uei
686 3453 748 3492 sunt
791 3458 880 3502 versu,
893 3441 1042 3508 abjicienda.
1055 3469 1090 3479 -
1100 3436 1235 3501 dodamin
1246 3437 1306 3490 uni·

239 3517 326 3572 Alexis
336 3516 408 3593 apud
418 3517 560 3580 stobaeum,
571 3517 678 3572 Tzetzes
688 3518 749 3570 Chi·
790 3537 836 3572 mo
846 3519 941 3572 habeo.

238 3596 303 3650 liad.
316 3596 355 3664 X,
366 3615 424 3669 cap.
434 3595 502 3660 3413
517 3597 637 3650 Ambros.
649 3597 683 3650 de
694 3598 747 3650 To·
827 3599 886 3664 7⁵⁰·
910 3601 975 3665 Quid
994 3599 1047 3648 illa.
1068 3596 1218 3650 Pronomen
1233 3597 1282 3648 illa
1296 3633 1304 3660 ‚

239 3677 440 3747 bia,.cup.1r;
461 3674 529 3727 Plut.
549 3677 604 3748 περὶ
627 3678 746 3747 εὐθυμίας·
791 3677 864 3750 quod
887 3677 961 3748 vulg.
983 3677 1074 3736 abest,
1099 3674 1252 3747 recepimus
1271 3693 1306 3728 ex

237 3756 333 3830 Κυὸείᾳ
343 3760 354 3810 ὁ
363 3758 467 3813 Πλάτων
482 3758 523 3810 τὸν
537 3757 587 3822 βίον
599 3758 746 3823 ἀπείκασεν,
789 3759 865 3810 Bent.
876 3769 938 3829 post
947 3755 1042 3808 Perlet.
1054 3786 1089 3797 -
1099 3757 1198 3807 Facias.
1206 3755 1247 3807 lta
1261 3773 1307 3807 ve·

238 3839 262 3889 ἰν
283 3829 302 3902 ᾧ·
328 3837 369 3889 uel
398 3839 479 3902 βαλεῖν
498 3831 538 3890 δεῖ
557 3836 591 3890 τὰ
606 3839 746 3907 πρόσφορα,
790 3850 851 3888 terr.
873 3837 919 3888 Be.
944 3833 1022 3888 codd.
1045 3833 1131 3905 Vulg.
1147 3833 1243 3901 socies.
1267 3862 1306 3874 -

237 3913 278 3966 aul
297 3917 405 3980 βαλόντα
424 3919 526 3986 χρῆσθαι
539 3922 618 3976 καλῶς
634 3918 685 3976 τοῖς
700 3937 746 3969 πε·
789 3917 862 3967 Dorm'
870 3917 923 3966 en't.
934 3913 1043 3966 Psaltria
1053 3931 1156 3984 seque
1164 3915 1220 3983 jam
1230 3911 1308 3966 intus

237 3999 314 4052 soler.
327 3993 434 4048 Famula
467 3997 472 4005 ’
790 4007 827 4048 est
836 4013 897 4047 cum
909 3993 1127 4064 CtesiphoneCf.
1141 3992 1201 4046 285.
1215 3997 1308 4045 Perlee.
