<?xml version="1.0" encoding="UTF-8"?>
<!DOCTYPE html PUBLIC "-//W3C//DTD XHTML 1.0 Transitional//EN"
    "http://www.w3.org/TR/xhtml1/DTD/xhtml1-transitional.dtd">
<html xmlns="http://www.w3.org/1999/xhtml" xml:lang="en" lang="en">
 <head>
  <title>
</title>
<meta http-equiv="Content-Type" content="text/html;charset=utf-8" />
  <meta name='ocr-system' content='tesseract 3.04.00' />
  <meta name='ocr-capabilities' content='ocr_page ocr_carea ocr_par ocr_line ocrx_word'/>
</head>
<body>
  <div class='ocr_page' id='page_1' title='image "./publiiterentiia01lemagoog/publiiterentiia01lemagoog_0016.png"; bbox 0 0 2834 4788; ppageno 0'>
   <div class='ocr_carea' id='block_1_1' title="bbox 411 278 1212 354">
    <p class='ocr_par' dir='ltr' id='par_1_1' title="bbox 411 278 1212 354">
     <span class='ocr_line' id='line_1_1' title="bbox 411 278 1212 354; baseline 0.01 -8"><span class='ocrx_word' id='word_1_1' title='bbox 411 278 647 346; x_wconf 82' lang='lat' dir='ltr'><strong>ADELPHI</strong></span> <span class='ocrx_word' id='word_1_2' title='bbox 674 279 946 348; x_wconf 78' lang='lat' dir='ltr'><strong>TERENTII.</strong></span> <span class='ocrx_word' id='word_1_3' title='bbox 1190 283 1212 354; x_wconf 78' lang='grc'>3</span> 
     </span>
    </p>
   </div>
   <div class='ocr_carea' id='block_1_2' title="bbox 147 395 1269 610">
    <p class='ocr_par' dir='ltr' id='par_1_2' title="bbox 147 395 1269 610">
     <span class='ocr_line' id='line_1_2' title="bbox 147 395 1269 504; baseline 0.005 -26"><span class='ocrx_word' id='word_1_4' title='bbox 147 395 316 504; x_wconf 85' lang='lat' dir='ltr'><strong>Egeruut⁵</strong></span> <span class='ocrx_word' id='word_1_5' title='bbox 333 411 371 478; x_wconf 90' lang='lat' dir='ltr'><strong>L.</strong></span> <span class='ocrx_word' id='word_1_6' title='bbox 392 407 511 479; x_wconf 90' lang='lat' dir='ltr'><strong>Atilius</strong></span> <span class='ocrx_word' id='word_1_7' title='bbox 526 410 745 478; x_wconf 85' lang='lat' dir='ltr'><strong>Praeuestinus</strong></span> <span class='ocrx_word' id='word_1_8' title='bbox 763 425 797 480; x_wconf 84' lang='lat' dir='ltr'><strong>et</strong></span> <span class='ocrx_word' id='word_1_9' title='bbox 812 396 995 480; x_wconf 83' lang='lat' dir='ltr'><strong>Minutius⁶</strong></span> <span class='ocrx_word' id='word_1_10' title='bbox 1013 413 1212 484; x_wconf 87' lang='lat' dir='ltr'><strong>Prothimus.</strong></span> <span class='ocrx_word' id='word_1_11' title='bbox 1267 463 1269 470; x_wconf 68' lang='lat'><strong>,</strong></span> 
     </span>
     <span class='ocr_line' id='line_1_3' title="bbox 148 501 1207 610; baseline 0.003 -27"><span class='ocrx_word' id='word_1_12' title='bbox 148 516 269 584; x_wconf 91' lang='lat' dir='ltr'><strong>Modos</strong></span> <span class='ocrx_word' id='word_1_13' title='bbox 290 515 368 584; x_wconf 88' lang='lat' dir='ltr'><strong>fecit</strong></span> <span class='ocrx_word' id='word_1_14' title='bbox 382 514 520 585; x_wconf 90' lang='lat' dir='ltr'><strong>Flaccus</strong></span> <span class='ocrx_word' id='word_1_15' title='bbox 539 514 668 585; x_wconf 85' lang='lat' dir='ltr'>Claudii</span> <span class='ocrx_word' id='word_1_16' title='bbox 686 501 818 610; x_wconf 87' lang='lat' dir='ltr'><strong>[filius]⁷</strong></span> <span class='ocrx_word' id='word_1_17' title='bbox 838 516 926 585; x_wconf 90' lang='lat' dir='ltr'><strong>tibiis</strong></span> <span class='ocrx_word' id='word_1_18' title='bbox 945 506 1127 588; x_wconf 81' lang='lat' dir='ltr'><strong>Serranis³.</strong></span> <span class='ocrx_word' id='word_1_19' title='bbox 1146 569 1154 584; x_wconf 93' lang='lat'><strong>.</strong></span> <span class='ocrx_word' id='word_1_20' title='bbox 1172 570 1207 586; x_wconf 93' lang='lat'><strong>..</strong></span> 
     </span>
    </p>
   </div>
   <div class='ocr_carea' id='block_1_3' title="bbox 70 746 1296 3984">
    <p class='ocr_par' dir='ltr' id='par_1_3' title="bbox 70 746 1296 3984">
     <span class='ocr_line' id='line_1_4' title="bbox 148 746 1217 820; baseline 0.005 -19"><span class='ocrx_word' id='word_1_21' title='bbox 148 748 297 802; x_wconf 86' lang='lat' dir='ltr'><strong>etrestituit</strong></span> <span class='ocrx_word' id='word_1_22' title='bbox 305 747 453 800; x_wconf 82' lang='lat' dir='ltr'><strong>felicissime</strong></span> <span class='ocrx_word' id='word_1_23' title='bbox 463 758 582 800; x_wconf 87' lang='lat' dir='ltr'><strong>nostram</strong></span> <span class='ocrx_word' id='word_1_24' title='bbox 591 746 660 800; x_wconf 83' lang='lat' dir='ltr'><strong>hanc</strong></span> <span class='ocrx_word' id='word_1_25' title='bbox 706 751 783 800; x_wconf 78' lang='lat' dir='ltr'><strong>raris.</strong></span> <span class='ocrx_word' id='word_1_26' title='bbox 796 747 937 819; x_wconf 79' lang='lat' dir='ltr'><strong>Proprium</strong></span> <span class='ocrx_word' id='word_1_27' title='bbox 951 767 1033 820; x_wconf 77' lang='lat' dir='ltr'><strong>genus</strong></span> <span class='ocrx_word' id='word_1_28' title='bbox 1045 764 1085 804; x_wconf 91' lang='lat' dir='ltr'><strong>est</strong></span> <span class='ocrx_word' id='word_1_29' title='bbox 1098 751 1217 806; x_wconf 66' lang='lat' dir='ltr'><strong>Serrana-</strong></span> 
     </span>
     <span class='ocr_line' id='line_1_5' title="bbox 146 825 1215 904; baseline -0.002 -24"><span class='ocrx_word' id='word_1_30' title='bbox 146 829 287 882; x_wconf 84' lang='lat' dir='ltr'><strong>lectionem</strong></span> <span class='ocrx_word' id='word_1_31' title='bbox 300 828 460 889; x_wconf 82' lang='lat' dir='ltr'><strong>Muretusex</strong></span> <span class='ocrx_word' id='word_1_32' title='bbox 470 825 555 878; x_wconf 82' lang='lat' dir='ltr'><strong>veteri</strong></span> <span class='ocrx_word' id='word_1_33' title='bbox 567 825 659 879; x_wconf 83' lang='lat' dir='ltr'><strong>codiee</strong></span> <span class='ocrx_word' id='word_1_34' title='bbox 703 847 757 880; x_wconf 82' lang='lat' dir='ltr'><strong>rum</strong></span> <span class='ocrx_word' id='word_1_35' title='bbox 770 826 909 885; x_wconf 87' lang='lat' dir='ltr'><strong>tibiarum,</strong></span> <span class='ocrx_word' id='word_1_36' title='bbox 928 847 987 899; x_wconf 80' lang='lat' dir='ltr'><strong>quae</strong></span> <span class='ocrx_word' id='word_1_37' title='bbox 998 827 1062 882; x_wconf 90' lang='lat' dir='ltr'><strong>inde</strong></span> <span class='ocrx_word' id='word_1_38' title='bbox 1080 834 1215 904; x_wconf 73' lang='lat' dir='ltr'><strong>appellan-</strong></span> 
     </span>
     <span class='ocr_line' id='line_1_6' title="bbox 147 903 1215 984; baseline 0.006 -24"><span class='ocrx_word' id='word_1_39' title='bbox 147 907 336 978; x_wconf 87' lang='lat' dir='ltr'><strong>manuscripto,</strong></span> <span class='ocrx_word' id='word_1_40' title='bbox 342 903 659 978; x_wconf 82' lang='lat' dir='ltr'><strong>quemVenetiisviderat.</strong></span> <span class='ocrx_word' id='word_1_41' title='bbox 704 919 765 971; x_wconf 90' lang='lat' dir='ltr'><strong>tur,</strong></span> <span class='ocrx_word' id='word_1_42' title='bbox 780 906 907 977; x_wconf 86' lang='lat' dir='ltr'><strong>quoniam</strong></span> <span class='ocrx_word' id='word_1_43' title='bbox 918 908 950 962; x_wconf 88' lang='lat' dir='ltr'><strong>iis</strong></span> <span class='ocrx_word' id='word_1_44' title='bbox 964 909 1099 964; x_wconf 76' lang='lat' dir='ltr'><strong>saltatores</strong></span> <span class='ocrx_word' id='word_1_45' title='bbox 1113 926 1140 966; x_wconf 90' lang='lat' dir='ltr'><strong>et</strong></span> <span class='ocrx_word' id='word_1_46' title='bbox 1152 932 1215 984; x_wconf 88' lang='lat' dir='ltr'><strong>pro-</strong></span> 
     </span>
     <span class='ocr_line' id='line_1_7' title="bbox 148 981 1216 1059; baseline 0.007 -19"><span class='ocrx_word' id='word_1_47' title='bbox 148 982 660 1056; x_wconf 85' lang='lat' dir='ltr'><strong>Felicissime,inqnam,siquidemno&#39;n</strong></span> <span class='ocrx_word' id='word_1_48' title='bbox 702 981 773 1038; x_wconf 77' lang='lat' dir='ltr'><strong>serre</strong></span> <span class='ocrx_word' id='word_1_49' title='bbox 799 997 826 1038; x_wconf 87' lang='lat' dir='ltr'><strong>et</strong></span> <span class='ocrx_word' id='word_1_50' title='bbox 849 987 947 1040; x_wconf 81' lang='lat' dir='ltr'><strong>referre</strong></span> <span class='ocrx_word' id='word_1_51' title='bbox 967 988 1064 1059; x_wconf 87' lang='lat' dir='ltr'><strong>pedem</strong></span> <span class='ocrx_word' id='word_1_52' title='bbox 1087 993 1216 1048; x_wconf 87' lang='lat' dir='ltr'><strong>continuo</strong></span> 
     </span>
     <span class='ocr_line' id='line_1_8' title="bbox 147 1063 1218 1140; baseline 0.005 -20"><span class='ocrx_word' id='word_1_53' title='bbox 147 1063 284 1131; x_wconf 70' lang='lat' dir='ltr'><strong>edilibus,</strong></span> <span class='ocrx_word' id='word_1_54' title='bbox 295 1079 325 1118; x_wconf 92' lang='lat' dir='ltr'><strong>ut</strong></span> <span class='ocrx_word' id='word_1_55' title='bbox 335 1065 443 1118; x_wconf 78' lang='lat' dir='ltr'><strong>adnotet</strong></span> <span class='ocrx_word' id='word_1_56' title='bbox 451 1064 581 1129; x_wconf 83' lang='lat' dir='ltr'><strong>Dacieris,</strong></span> <span class='ocrx_word' id='word_1_57' title='bbox 591 1083 661 1118; x_wconf 88' lang='lat' dir='ltr'><strong>com·</strong></span> <span class='ocrx_word' id='word_1_58' title='bbox 701 1066 873 1136; x_wconf 83' lang='lat' dir='ltr'><strong>juberentur,</strong></span> <span class='ocrx_word' id='word_1_59' title='bbox 888 1085 944 1119; x_wconf 90' lang='lat' dir='ltr'><strong>non</strong></span> <span class='ocrx_word' id='word_1_60' title='bbox 957 1085 1031 1120; x_wconf 77' lang='lat' dir='ltr'><strong>secus</strong></span> <span class='ocrx_word' id='word_1_61' title='bbox 1039 1081 1119 1140; x_wconf 84' lang='lat' dir='ltr'><strong>atque</strong></span> <span class='ocrx_word' id='word_1_62' title='bbox 1133 1063 1218 1124; x_wconf 74' lang='lat' dir='ltr'><strong>secto·</strong></span> 
     </span>
     <span class='ocr_line' id='line_1_9' title="bbox 147 1144 1218 1222; baseline 0.007 -24"><span class='ocrx_word' id='word_1_63' title='bbox 147 1146 302 1198; x_wconf 84' lang='lat' dir='ltr'><strong>mittebatur</strong></span> <span class='ocrx_word' id='word_1_64' title='bbox 314 1144 438 1206; x_wconf 79' lang='lat' dir='ltr'><strong>ludorum</strong></span> <span class='ocrx_word' id='word_1_65' title='bbox 452 1144 604 1216; x_wconf 84' lang='lat' dir='ltr'><strong>funebrium</strong></span> <span class='ocrx_word' id='word_1_66' title='bbox 615 1161 661 1198; x_wconf 88' lang='lat' dir='ltr'><strong>cu·</strong></span> <span class='ocrx_word' id='word_1_67' title='bbox 703 1163 759 1208; x_wconf 81' lang='lat' dir='ltr'><strong>res,</strong></span> <span class='ocrx_word' id='word_1_68' title='bbox 774 1145 821 1214; x_wconf 89' lang='lat' dir='ltr'><strong>qui</strong></span> <span class='ocrx_word' id='word_1_69' title='bbox 839 1164 906 1196; x_wconf 78' lang='lat' dir='ltr'><strong>serra</strong></span> <span class='ocrx_word' id='word_1_70' title='bbox 932 1145 1023 1200; x_wconf 82' lang='lat' dir='ltr'><strong>adacta</strong></span> <span class='ocrx_word' id='word_1_71' title='bbox 1039 1151 1134 1218; x_wconf 82' lang='lat' dir='ltr'><strong>partiri</strong></span> <span class='ocrx_word' id='word_1_72' title='bbox 1147 1151 1218 1222; x_wconf 79' lang='lat' dir='ltr'><strong>ligna</strong></span> 
     </span>
     <span class='ocr_line' id='line_1_10' title="bbox 70 1223 1218 1299; baseline 0.005 -22"><span class='ocrx_word' id='word_1_73' title='bbox 70 1234 73 1244; x_wconf 93' lang='lat'>&#39;</span> <span class='ocrx_word' id='word_1_74' title='bbox 147 1223 250 1291; x_wconf 85' lang='lat' dir='ltr'><strong>ra,sed</strong></span> <span class='ocrx_word' id='word_1_75' title='bbox 259 1224 659 1293; x_wconf 71' lang='lat' dir='ltr'><strong>mortuinatissutpsrentibus;</strong></span> <span class='ocrx_word' id='word_1_76' title='bbox 701 1236 839 1277; x_wconf 76' lang='lat' dir='ltr'><strong>conantur.</strong></span> <span class='ocrx_word' id='word_1_77' title='bbox 857 1224 996 1295; x_wconf 85' lang='lat' dir='ltr'><strong>Siquidem</strong></span> <span class='ocrx_word' id='word_1_78' title='bbox 1012 1225 1157 1299; x_wconf 85' lang='lat' dir='ltr'><strong>Pompeius</strong></span> <span class='ocrx_word' id='word_1_79' title='bbox 1169 1231 1218 1295; x_wconf 89' lang='lat' dir='ltr'><strong>ait,</strong></span> 
     </span>
     <span class='ocr_line' id='line_1_11' title="bbox 148 1302 1218 1380; baseline 0.004 -22"><span class='ocrx_word' id='word_1_80' title='bbox 148 1307 273 1376; x_wconf 88' lang='lat' dir='ltr'><strong>insuper,</strong></span> <span class='ocrx_word' id='word_1_81' title='bbox 287 1303 374 1375; x_wconf 79' lang='lat' dir='ltr'><strong>pergit</strong></span> <span class='ocrx_word' id='word_1_82' title='bbox 388 1302 541 1356; x_wconf 86' lang='lat' dir='ltr'><strong>doctissima</strong></span> <span class='ocrx_word' id='word_1_83' title='bbox 554 1303 660 1368; x_wconf 90' lang='lat' dir='ltr'><strong>mulier,</strong></span> <span class='ocrx_word' id='word_1_84' title='bbox 703 1323 793 1354; x_wconf 81' lang='lat' dir='ltr'><strong>serram</strong></span> <span class='ocrx_word' id='word_1_85' title='bbox 813 1302 843 1355; x_wconf 92' lang='lat' dir='ltr'><strong>id</strong></span> <span class='ocrx_word' id='word_1_86' title='bbox 862 1306 985 1374; x_wconf 82' lang='lat' dir='ltr'><strong>praelium</strong></span> <span class='ocrx_word' id='word_1_87' title='bbox 1001 1304 1070 1372; x_wconf 81' lang='lat' dir='ltr'><strong>diei,</strong></span> <span class='ocrx_word' id='word_1_88' title='bbox 1092 1327 1146 1380; x_wconf 87' lang='lat' dir='ltr'><strong>quo</strong></span> <span class='ocrx_word' id='word_1_89' title='bbox 1164 1311 1218 1362; x_wconf 83' lang='lat' dir='ltr'><strong>fre·</strong></span> 
     </span>
     <span class='ocr_line' id='line_1_12' title="bbox 147 1381 1216 1453; baseline 0.005 -15"><span class='ocrx_word' id='word_1_90' title='bbox 147 1395 250 1438; x_wconf 88' lang='lat' dir='ltr'><strong>constat</strong></span> <span class='ocrx_word' id='word_1_91' title='bbox 259 1384 289 1438; x_wconf 88' lang='lat' dir='ltr'><strong>P.</strong></span> <span class='ocrx_word' id='word_1_92' title='bbox 304 1384 386 1436; x_wconf 91' lang='lat' dir='ltr'><strong>Corn.</strong></span> <span class='ocrx_word' id='word_1_93' title='bbox 399 1381 552 1453; x_wconf 84' lang='lat' dir='ltr'><strong>Scipionem</strong></span> <span class='ocrx_word' id='word_1_94' title='bbox 563 1382 661 1435; x_wconf 79' lang='lat' dir='ltr'><strong>Africa·</strong></span> <span class='ocrx_word' id='word_1_95' title='bbox 703 1394 814 1453; x_wconf 88' lang='lat' dir='ltr'><strong>quenter</strong></span> <span class='ocrx_word' id='word_1_96' title='bbox 833 1383 900 1436; x_wconf 81' lang='lat' dir='ltr'><strong>acies</strong></span> <span class='ocrx_word' id='word_1_97' title='bbox 914 1383 1038 1438; x_wconf 84' lang='lat' dir='ltr'><strong>acoedere</strong></span> <span class='ocrx_word' id='word_1_98' title='bbox 1052 1399 1079 1439; x_wconf 86' lang='lat' dir='ltr'><strong>et</strong></span> <span class='ocrx_word' id='word_1_99' title='bbox 1092 1388 1216 1444; x_wconf 74' lang='lat' dir='ltr'>recedere</span> 
     </span>
     <span class='ocr_line' id='line_1_13' title="bbox 148 1455 1217 1537; baseline 0.006 -21"><span class='ocrx_word' id='word_1_100' title='bbox 148 1483 229 1527; x_wconf 90' lang='lat' dir='ltr'><strong>num,</strong></span> <span class='ocrx_word' id='word_1_101' title='bbox 249 1463 324 1517; x_wconf 80' lang='lat' dir='ltr'><strong>Pauli</strong></span> <span class='ocrx_word' id='word_1_102' title='bbox 344 1462 447 1516; x_wconf 87' lang='lat' dir='ltr'><strong>AEmilii</strong></span> <span class='ocrx_word' id='word_1_103' title='bbox 467 1455 572 1526; x_wconf 81' lang='lat' dir='ltr'><strong>fllium,</strong></span> <span class='ocrx_word' id='word_1_104' title='bbox 590 1479 660 1514; x_wconf 89' lang='lat' dir='ltr'><strong>nun·</strong></span> <span class='ocrx_word' id='word_1_105' title='bbox 704 1463 807 1516; x_wconf 87' lang='lat' dir='ltr'><strong>soleret.</strong></span> <span class='ocrx_word' id='word_1_106' title='bbox 826 1462 911 1515; x_wconf 79' lang='lat' dir='ltr'><strong>West.</strong></span> <span class='ocrx_word' id='word_1_107' title='bbox 923 1465 1058 1535; x_wconf 76' lang='lat' dir='ltr'><strong>-Magis</strong></span> <span class='ocrx_word' id='word_1_108' title='bbox 1070 1467 1156 1537; x_wconf 81' lang='lat' dir='ltr'><strong>placet</strong></span> <span class='ocrx_word' id='word_1_109' title='bbox 1169 1487 1217 1522; x_wconf 89' lang='lat' dir='ltr'><strong>cu·</strong></span> 
     </span>
     <span class='ocr_line' id='line_1_14' title="bbox 148 1539 1215 1616; baseline 0.004 -20"><span class='ocrx_word' id='word_1_110' title='bbox 148 1561 228 1615; x_wconf 87' lang='lat' dir='ltr'><strong>quam</strong></span> <span class='ocrx_word' id='word_1_111' title='bbox 252 1541 356 1596; x_wconf 83' lang='lat' dir='ltr'><strong>aedilem</strong></span> <span class='ocrx_word' id='word_1_112' title='bbox 384 1542 477 1606; x_wconf 86' lang='lat' dir='ltr'><strong>fuisse;</strong></span> <span class='ocrx_word' id='word_1_113' title='bbox 497 1540 545 1610; x_wconf 88' lang='lat' dir='ltr'><strong>qui</strong></span> <span class='ocrx_word' id='word_1_114' title='bbox 564 1559 661 1610; x_wconf 88' lang='lat' dir='ltr'><strong>nempe</strong></span> <span class='ocrx_word' id='word_1_115' title='bbox 701 1539 806 1612; x_wconf 86' lang='lat' dir='ltr'><strong>jusdam</strong></span> <span class='ocrx_word' id='word_1_116' title='bbox 827 1542 996 1616; x_wconf 85' lang='lat' dir='ltr'><strong>Guelferbyt.</strong></span> <span class='ocrx_word' id='word_1_117' title='bbox 1022 1543 1109 1599; x_wconf 80' lang='lat' dir='ltr'><strong>sodis.</strong></span> <span class='ocrx_word' id='word_1_118' title='bbox 1134 1549 1215 1600; x_wconf 81' lang='lat' dir='ltr'><strong>schol.</strong></span> 
     </span>
     <span class='ocr_line' id='line_1_15' title="bbox 148 1620 1216 1697; baseline 0.002 -21"><span class='ocrx_word' id='word_1_119' title='bbox 148 1641 221 1696; x_wconf 84' lang='lat' dir='ltr'><strong>quum</strong></span> <span class='ocrx_word' id='word_1_120' title='bbox 234 1622 374 1676; x_wconf 75' lang='lat' dir='ltr'><strong>aedilitatem</strong></span> <span class='ocrx_word' id='word_1_121' title='bbox 387 1633 492 1691; x_wconf 80' lang='lat' dir='ltr'><strong>peteret,</strong></span> <span class='ocrx_word' id='word_1_122' title='bbox 511 1620 594 1672; x_wconf 69' lang='lat' dir='ltr'><strong>ooruul</strong></span> <span class='ocrx_word' id='word_1_123' title='bbox 605 1631 660 1672; x_wconf 81' lang='lat' dir='ltr'><strong>arte</strong></span> <span class='ocrx_word' id='word_1_124' title='bbox 703 1621 770 1686; x_wconf 87' lang='lat' dir='ltr'><strong>hoo,</strong></span> <span class='ocrx_word' id='word_1_125' title='bbox 779 1620 808 1672; x_wconf 87' lang='lat' dir='ltr'><strong>in</strong></span> <span class='ocrx_word' id='word_1_126' title='bbox 820 1639 874 1692; x_wconf 90' lang='lat' dir='ltr'><strong>quo</strong></span> <span class='ocrx_word' id='word_1_127' title='bbox 890 1635 1013 1675; x_wconf 72' lang='lat' dir='ltr'><strong>ceterum</strong></span> <span class='ocrx_word' id='word_1_128' title='bbox 1020 1623 1135 1676; x_wconf 78' lang='lat' dir='ltr'><strong>Sarranis</strong></span> <span class='ocrx_word' id='word_1_129' title='bbox 1150 1627 1216 1697; x_wconf 81' lang='lat' dir='ltr'><strong>legi-</strong></span> 
     </span>
     <span class='ocr_line' id='line_1_16' title="bbox 148 1695 1217 1774; baseline 0.005 -20"><span class='ocrx_word' id='word_1_130' title='bbox 148 1721 226 1754; x_wconf 82' lang='lat' dir='ltr'><strong>armos</strong></span> <span class='ocrx_word' id='word_1_131' title='bbox 235 1702 384 1768; x_wconf 81' lang='lat' dir='ltr'><strong>ultrosactus</strong></span> <span class='ocrx_word' id='word_1_132' title='bbox 392 1695 660 1766; x_wconf 69' lang='lat' dir='ltr'><strong>eseldurel.Viotor.),</strong></span> <span class='ocrx_word' id='word_1_133' title='bbox 672 1770 674 1774; x_wconf 14' lang='lat' dir='ltr'>y</span> <span class='ocrx_word' id='word_1_134' title='bbox 704 1711 765 1752; x_wconf 86' lang='lat' dir='ltr'><strong>tur:</strong></span> <span class='ocrx_word' id='word_1_135' title='bbox 779 1699 878 1755; x_wconf 75' lang='lat' dir='ltr'><strong>«Sarra</strong></span> <span class='ocrx_word' id='word_1_136' title='bbox 888 1700 968 1770; x_wconf 81' lang='lat' dir='ltr'><strong>piscis</strong></span> <span class='ocrx_word' id='word_1_137' title='bbox 977 1715 1015 1755; x_wconf 87' lang='lat' dir='ltr'><strong>est</strong></span> <span class='ocrx_word' id='word_1_138' title='bbox 1022 1701 1057 1755; x_wconf 85' lang='lat' dir='ltr'><strong>de</strong></span> <span class='ocrx_word' id='word_1_139' title='bbox 1067 1707 1142 1774; x_wconf 77' lang='lat' dir='ltr'><strong>eujus</strong></span> <span class='ocrx_word' id='word_1_140' title='bbox 1150 1706 1217 1759; x_wconf 89' lang='lat' dir='ltr'><strong>ossi·</strong></span> 
     </span>
     <span class='ocr_line' id='line_1_17' title="bbox 148 1777 1217 1850; baseline 0.004 -16"><span class='ocrx_word' id='word_1_141' title='bbox 148 1783 240 1834; x_wconf 79' lang='lat' dir='ltr'><strong>ethos</strong></span> <span class='ocrx_word' id='word_1_142' title='bbox 259 1781 315 1833; x_wconf 91' lang='lat' dir='ltr'><strong>imo</strong></span> <span class='ocrx_word' id='word_1_143' title='bbox 336 1781 360 1832; x_wconf 91' lang='lat' dir='ltr'><strong>ei</strong></span> <span class='ocrx_word' id='word_1_144' title='bbox 372 1781 482 1850; x_wconf 75' lang='lat' dir='ltr'><strong>contigit</strong></span> <span class='ocrx_word' id='word_1_145' title='bbox 500 1777 660 1832; x_wconf 87' lang='lat' dir='ltr'><strong>duodecimo</strong></span> <span class='ocrx_word' id='word_1_146' title='bbox 703 1779 754 1832; x_wconf 90' lang='lat' dir='ltr'><strong>bus</strong></span> <span class='ocrx_word' id='word_1_147' title='bbox 765 1779 831 1831; x_wconf 84' lang='lat' dir='ltr'><strong>tales</strong></span> <span class='ocrx_word' id='word_1_148' title='bbox 839 1779 938 1832; x_wconf 85' lang='lat' dir='ltr'><strong>fiebant</strong></span> <span class='ocrx_word' id='word_1_149' title='bbox 948 1779 1028 1834; x_wconf 74' lang='lat' dir='ltr'><strong>tibio.</strong></span> <span class='ocrx_word' id='word_1_150' title='bbox 1040 1807 1052 1828; x_wconf 81' lang='grc' dir='ltr'><strong>ι</strong></span> <span class='ocrx_word' id='word_1_151' title='bbox 1065 1785 1099 1836; x_wconf 86' lang='lat' dir='ltr'><strong>Et</strong></span> <span class='ocrx_word' id='word_1_152' title='bbox 1111 1795 1217 1838; x_wconf 81' lang='lat' dir='ltr'><strong>conten·</strong></span> 
     </span>
     <span class='ocr_line' id='line_1_18' title="bbox 148 1854 1216 1930; baseline 0.003 -17"><span class='ocrx_word' id='word_1_153' title='bbox 148 1873 252 1913; x_wconf 85' lang='lat' dir='ltr'><strong>tantum</strong></span> <span class='ocrx_word' id='word_1_154' title='bbox 268 1877 338 1912; x_wconf 79' lang='lat' dir='ltr'><strong>anno</strong></span> <span class='ocrx_word' id='word_1_155' title='bbox 354 1871 414 1930; x_wconf 90' lang='lat' dir='ltr'><strong>post</strong></span> <span class='ocrx_word' id='word_1_156' title='bbox 428 1859 508 1930; x_wconf 90' lang='lat' dir='ltr'><strong>patris</strong></span> <span class='ocrx_word' id='word_1_157' title='bbox 524 1869 659 1922; x_wconf 88' lang='lat' dir='ltr'><strong>mortem,</strong></span> <span class='ocrx_word' id='word_1_158' title='bbox 703 1854 772 1910; x_wconf 90' lang='lat' dir='ltr'><strong>dunt</strong></span> <span class='ocrx_word' id='word_1_159' title='bbox 784 1856 893 1911; x_wconf 85' lang='lat' dir='ltr'><strong>demum</strong></span> <span class='ocrx_word' id='word_1_160' title='bbox 905 1860 950 1912; x_wconf 88' lang='lat' dir='ltr'><strong>alii</strong></span> <span class='ocrx_word' id='word_1_161' title='bbox 966 1860 1004 1913; x_wconf 86' lang='lat' dir='ltr'><strong>sio</strong></span> <span class='ocrx_word' id='word_1_162' title='bbox 1019 1860 1102 1915; x_wconf 85' lang='lat' dir='ltr'><strong>dietas</strong></span> <span class='ocrx_word' id='word_1_163' title='bbox 1113 1881 1129 1916; x_wconf 88' lang='lat' dir='ltr'><strong>a</strong></span> <span class='ocrx_word' id='word_1_164' title='bbox 1139 1863 1216 1916; x_wconf 81' lang='lat' dir='ltr'><strong>Sarra</strong></span> 
     </span>
     <span class='ocr_line' id='line_1_19' title="bbox 148 1937 1216 2010; baseline 0.006 -19"><span class='ocrx_word' id='word_1_165' title='bbox 148 1957 233 2010; x_wconf 90' lang='lat' dir='ltr'><strong>quum</strong></span> <span class='ocrx_word' id='word_1_166' title='bbox 255 1939 312 2008; x_wconf 91' lang='lat' dir='ltr'><strong>ipse</strong></span> <span class='ocrx_word' id='word_1_167' title='bbox 333 1951 435 1990; x_wconf 87' lang='lat' dir='ltr'><strong>sextum</strong></span> <span class='ocrx_word' id='word_1_168' title='bbox 456 1951 482 1990; x_wconf 81' lang='lat' dir='ltr'><strong>et</strong></span> <span class='ocrx_word' id='word_1_169' title='bbox 503 1937 660 2008; x_wconf 76' lang='lat' dir='ltr'><strong>vigesimum</strong></span> <span class='ocrx_word' id='word_1_170' title='bbox 704 1939 853 2008; x_wconf 75' lang='lat' dir='ltr'><strong>urhe,quae</strong></span> <span class='ocrx_word' id='word_1_171' title='bbox 867 1940 956 2008; x_wconf 80' lang='lat' dir='ltr'><strong>Tyrus</strong></span> <span class='ocrx_word' id='word_1_172' title='bbox 969 1953 1016 1994; x_wconf 91' lang='lat' dir='ltr'><strong>est.</strong></span> <span class='ocrx_word' id='word_1_173' title='bbox 1031 1941 1131 1994; x_wconf 83' lang='lat' dir='ltr'>Confer</span> <span class='ocrx_word' id='word_1_174' title='bbox 1149 1943 1216 1998; x_wconf 87' lang='lat' dir='ltr'><strong>Pro·</strong></span> 
     </span>
     <span class='ocr_line' id='line_1_20' title="bbox 148 2015 1217 2092; baseline 0.007 -22"><span class='ocrx_word' id='word_1_175' title='bbox 148 2019 233 2072; x_wconf 66' lang='lat' dir='ltr'><strong>atatis</strong></span> <span class='ocrx_word' id='word_1_176' title='bbox 242 2037 340 2070; x_wconf 83' lang='lat' dir='ltr'><strong>annum</strong></span> <span class='ocrx_word' id='word_1_177' title='bbox 350 2031 447 2086; x_wconf 83' lang='lat' dir='ltr'><strong>ageret.</strong></span> <span class='ocrx_word' id='word_1_178' title='bbox 456 2017 491 2069; x_wconf 81' lang='lat' dir='ltr'><strong>Hi</strong></span> <span class='ocrx_word' id='word_1_179' title='bbox 501 2029 587 2068; x_wconf 88' lang='lat' dir='ltr'><strong>autem</strong></span> <span class='ocrx_word' id='word_1_180' title='bbox 596 2015 661 2080; x_wconf 87' lang='lat' dir='ltr'><strong>duo,</strong></span> <span class='ocrx_word' id='word_1_181' title='bbox 704 2017 855 2087; x_wconf 82' lang='lat' dir='ltr'><strong>legemena,</strong></span> <span class='ocrx_word' id='word_1_182' title='bbox 870 2017 948 2072; x_wconf 90' lang='lat' dir='ltr'><strong>initio</strong></span> <span class='ocrx_word' id='word_1_183' title='bbox 956 2020 1040 2072; x_wconf 78' lang='lat' dir='ltr'><strong>nostri</strong></span> <span class='ocrx_word' id='word_1_184' title='bbox 1050 2022 1132 2092; x_wconf 87' lang='lat' dir='ltr'><strong>primi</strong></span> <span class='ocrx_word' id='word_1_185' title='bbox 1142 2025 1217 2077; x_wconf 85' lang='lat' dir='ltr'><strong>volu·</strong></span> 
     </span>
     <span class='ocr_line' id='line_1_21' title="bbox 149 2095 1215 2168; baseline 0.007 -18"><span class='ocrx_word' id='word_1_186' title='bbox 149 2097 186 2150; x_wconf 95' lang='lat' dir='ltr'><strong>de</strong></span> <span class='ocrx_word' id='word_1_187' title='bbox 197 2097 294 2168; x_wconf 86' lang='lat' dir='ltr'><strong>quibus</strong></span> <span class='ocrx_word' id='word_1_188' title='bbox 305 2097 398 2167; x_wconf 80' lang='lat' dir='ltr'><strong>agitur,</strong></span> <span class='ocrx_word' id='word_1_189' title='bbox 407 2099 435 2148; x_wconf 92' lang='lat' dir='ltr'><strong>in</strong></span> <span class='ocrx_word' id='word_1_190' title='bbox 444 2097 540 2148; x_wconf 85' lang='lat' dir='ltr'><strong>alienas</strong></span> <span class='ocrx_word' id='word_1_191' title='bbox 550 2095 662 2147; x_wconf 79' lang='lat' dir='ltr'><strong>familias</strong></span> <span class='ocrx_word' id='word_1_192' title='bbox 704 2097 842 2148; x_wconf 65' lang='lat' dir='ltr'><strong>minis-</strong></span> <span class='ocrx_word' id='word_1_193' title='bbox 855 2097 948 2162; x_wconf 90' lang='lat' dir='ltr'><strong>Quum</strong></span> <span class='ocrx_word' id='word_1_194' title='bbox 962 2097 1132 2154; x_wconf 86' lang='lat' dir='ltr'><strong>didascaliam</strong></span> <span class='ocrx_word' id='word_1_195' title='bbox 1145 2103 1215 2157; x_wconf 88' lang='lat' dir='ltr'><strong>hauc</strong></span> 
     </span>
     <span class='ocr_line' id='line_1_22' title="bbox 148 2173 1216 2250; baseline 0.006 -20"><span class='ocrx_word' id='word_1_196' title='bbox 148 2195 200 2250; x_wconf 91' lang='lat' dir='ltr'><strong>per</strong></span> <span class='ocrx_word' id='word_1_197' title='bbox 210 2175 382 2246; x_wconf 83' lang='lat' dir='ltr'><strong>adoptionem</strong></span> <span class='ocrx_word' id='word_1_198' title='bbox 403 2175 553 2228; x_wconf 85' lang='lat' dir='ltr'><strong>transivere.</strong></span> <span class='ocrx_word' id='word_1_199' title='bbox 575 2173 661 2226; x_wconf 86' lang='lat' dir='ltr'><strong>Priori</strong></span> <span class='ocrx_word' id='word_1_200' title='bbox 703 2193 758 2227; x_wconf 92' lang='lat' dir='ltr'><strong>non</strong></span> <span class='ocrx_word' id='word_1_201' title='bbox 774 2174 855 2227; x_wconf 87' lang='lat' dir='ltr'><strong>modo</strong></span> <span class='ocrx_word' id='word_1_202' title='bbox 872 2183 1028 2248; x_wconf 74' lang='lat' dir='ltr'><strong>corruptum</strong></span> <span class='ocrx_word' id='word_1_203' title='bbox 1043 2197 1111 2246; x_wconf 87' lang='lat' dir='ltr'><strong>esse,</strong></span> <span class='ocrx_word' id='word_1_204' title='bbox 1127 2180 1216 2236; x_wconf 87' lang='lat' dir='ltr'><strong>sedet</strong></span> 
     </span>
     <span class='ocr_line' id='line_1_23' title="bbox 149 2253 1296 2334; baseline 0.005 -25"><span class='ocrx_word' id='word_1_205' title='bbox 149 2275 214 2326; x_wconf 72' lang='lat' dir='ltr'><strong>ergo</strong></span> <span class='ocrx_word' id='word_1_206' title='bbox 229 2253 351 2308; x_wconf 83' lang='lat' dir='ltr'><strong>additum</strong></span> <span class='ocrx_word' id='word_1_207' title='bbox 365 2268 403 2308; x_wconf 88' lang='lat' dir='ltr'><strong>est</strong></span> <span class='ocrx_word' id='word_1_208' title='bbox 417 2256 451 2321; x_wconf 90' lang='lat' dir='ltr'><strong>Q.</strong></span> <span class='ocrx_word' id='word_1_209' title='bbox 466 2253 541 2306; x_wconf 85' lang='lat' dir='ltr'><strong>Fabii</strong></span> <span class='ocrx_word' id='word_1_210' title='bbox 553 2253 661 2306; x_wconf 86' lang='lat' dir='ltr'><strong>Maximi</strong></span> <span class='ocrx_word' id='word_1_211' title='bbox 704 2254 827 2306; x_wconf 89' lang='lat' dir='ltr'><strong>mutilam</strong></span> <span class='ocrx_word' id='word_1_212' title='bbox 839 2256 981 2308; x_wconf 87' lang='lat' dir='ltr'><strong>arbitretur</strong></span> <span class='ocrx_word' id='word_1_213' title='bbox 992 2258 1121 2327; x_wconf 79' lang='lat' dir='ltr'><strong>Deoieria,</strong></span> <span class='ocrx_word' id='word_1_214' title='bbox 1129 2261 1216 2332; x_wconf 77' lang='lat' dir='ltr'><strong>legen·</strong></span> <span class='ocrx_word' id='word_1_215' title='bbox 1295 2325 1296 2334; x_wconf 11' lang='grc' dir='ltr'>ἵ</span> 
     </span>
     <span class='ocr_line' id='line_1_24' title="bbox 147 2333 1213 2408; baseline 0.005 -20"><span class='ocrx_word' id='word_1_216' title='bbox 147 2355 263 2399; x_wconf 87' lang='lat' dir='ltr'><strong>nomen,</strong></span> <span class='ocrx_word' id='word_1_217' title='bbox 279 2335 343 2408; x_wconf 85' lang='lat' dir='ltr'><strong>quis</strong></span> <span class='ocrx_word' id='word_1_218' title='bbox 351 2335 448 2388; x_wconf 79' lang='lat' dir='ltr'><strong>Fabius</strong></span> <span class='ocrx_word' id='word_1_219' title='bbox 456 2333 589 2387; x_wconf 85' lang='lat' dir='ltr'><strong>Maximus</strong></span> <span class='ocrx_word' id='word_1_220' title='bbox 599 2351 661 2385; x_wconf 87' lang='lat' dir='ltr'><strong>eum</strong></span> <span class='ocrx_word' id='word_1_221' title='bbox 704 2333 771 2386; x_wconf 89' lang='lat' dir='ltr'><strong>dum</strong></span> <span class='ocrx_word' id='word_1_222' title='bbox 782 2352 836 2386; x_wconf 87' lang='lat' dir='ltr'><strong>esse</strong></span> <span class='ocrx_word' id='word_1_223' title='bbox 849 2348 952 2400; x_wconf 89' lang='lat' dir='ltr'><strong>censet,</strong></span> <span class='ocrx_word' id='word_1_224' title='bbox 963 2347 1019 2388; x_wconf 85' lang='lat' dir='ltr'><strong>acta</strong></span> <span class='ocrx_word' id='word_1_225' title='bbox 1033 2342 1137 2406; x_wconf 84' lang='lat' dir='ltr'><strong>primum</strong></span> <span class='ocrx_word' id='word_1_226' title='bbox 1148 2342 1213 2394; x_wconf 79' lang='lat' dir='ltr'><strong>tibiis</strong></span> 
     </span>
     <span class='ocr_line' id='line_1_25' title="bbox 148 2411 1214 2485; baseline 0.007 -18"><span class='ocrx_word' id='word_1_227' title='bbox 148 2411 340 2485; x_wconf 82' lang='lat' dir='ltr'><strong>adoptaverat;</strong></span> <span class='ocrx_word' id='word_1_228' title='bbox 363 2414 492 2484; x_wconf 84' lang='lat' dir='ltr'><strong>posterior</strong></span> <span class='ocrx_word' id='word_1_229' title='bbox 517 2425 605 2465; x_wconf 84' lang='lat' dir='ltr'><strong>autem</strong></span> <span class='ocrx_word' id='word_1_230' title='bbox 629 2413 660 2463; x_wconf 87' lang='lat' dir='ltr'><strong>P.</strong></span> <span class='ocrx_word' id='word_1_231' title='bbox 704 2413 805 2484; x_wconf 62' lang='lat' dir='ltr'><strong>brdds,</strong></span> <span class='ocrx_word' id='word_1_232' title='bbox 825 2413 909 2464; x_wconf 73' lang='lat' dir='ltr'><strong>deinde</strong></span> <span class='ocrx_word' id='word_1_233' title='bbox 925 2415 988 2466; x_wconf 79' lang='lat' dir='ltr'><strong>tibiis</strong></span> <span class='ocrx_word' id='word_1_234' title='bbox 1004 2414 1123 2474; x_wconf 83' lang='lat' dir='ltr'><strong>Serranis.</strong></span> <span class='ocrx_word' id='word_1_235' title='bbox 1144 2421 1214 2474; x_wconf 81' lang='lat' dir='ltr'><strong>Nam</strong></span> 
     </span>
     <span class='ocr_line' id='line_1_26' title="bbox 149 2489 1216 2565; baseline 0.006 -18"><span class='ocrx_word' id='word_1_236' title='bbox 149 2497 235 2548; x_wconf 89' lang='lat' dir='ltr'><strong>Corn.</strong></span> <span class='ocrx_word' id='word_1_237' title='bbox 251 2494 323 2563; x_wconf 85' lang='lat' dir='ltr'><strong>Scip.</strong></span> <span class='ocrx_word' id='word_1_238' title='bbox 336 2493 419 2546; x_wconf 82' lang='lat' dir='ltr'><strong>Afric.</strong></span> <span class='ocrx_word' id='word_1_239' title='bbox 431 2489 663 2565; x_wconf 81' lang='lat' dir='ltr'><strong>propterea&#39;quod</strong></span> <span class='ocrx_word' id='word_1_240' title='bbox 705 2493 885 2562; x_wconf 76' lang='lat' dir='ltr'><strong>tibidsLydias,</strong></span> <span class='ocrx_word' id='word_1_241' title='bbox 896 2494 913 2545; x_wconf 91' lang='lat' dir='ltr'><strong>i.</strong></span> <span class='ocrx_word' id='word_1_242' title='bbox 925 2513 948 2547; x_wconf 86' lang='lat' dir='ltr'><strong>e.</strong></span> <span class='ocrx_word' id='word_1_243' title='bbox 961 2493 1025 2548; x_wconf 87' lang='lat' dir='ltr'><strong>duas</strong></span> <span class='ocrx_word' id='word_1_244' title='bbox 1034 2495 1151 2562; x_wconf 84' lang='lat' dir='ltr'><strong>dextras,</strong></span> <span class='ocrx_word' id='word_1_245' title='bbox 1162 2501 1216 2554; x_wconf 89' lang='lat' dir='ltr'><strong>edi·</strong></span> 
     </span>
     <span class='ocr_line' id='line_1_27' title="bbox 147 2567 1214 2648; baseline 0.003 -20"><span class='ocrx_word' id='word_1_246' title='bbox 147 2593 166 2628; x_wconf 86' lang='lat' dir='ltr'><strong>a</strong></span> <span class='ocrx_word' id='word_1_247' title='bbox 175 2573 233 2626; x_wconf 82' lang='lat' dir='ltr'><strong>filio</strong></span> <span class='ocrx_word' id='word_1_248' title='bbox 239 2573 369 2644; x_wconf 88' lang='lat' dir='ltr'><strong>Scipionis</strong></span> <span class='ocrx_word' id='word_1_249' title='bbox 379 2573 496 2625; x_wconf 81' lang='lat' dir='ltr'><strong>Africani</strong></span> <span class='ocrx_word' id='word_1_250' title='bbox 506 2571 592 2624; x_wconf 85' lang='lat' dir='ltr'><strong>suerat</strong></span> <span class='ocrx_word' id='word_1_251' title='bbox 601 2567 663 2622; x_wconf 85' lang='lat' dir='ltr'><strong>ado·</strong></span> <span class='ocrx_word' id='word_1_252' title='bbox 704 2570 774 2624; x_wconf 86' lang='lat' dir='ltr'><strong>disse</strong></span> <span class='ocrx_word' id='word_1_253' title='bbox 788 2589 883 2623; x_wconf 88' lang='lat' dir='ltr'><strong>sonum</strong></span> <span class='ocrx_word' id='word_1_254' title='bbox 898 2591 1004 2642; x_wconf 81' lang='lat' dir='ltr'><strong>gravem</strong></span> <span class='ocrx_word' id='word_1_255' title='bbox 1018 2587 1044 2626; x_wconf 85' lang='lat' dir='ltr'><strong>et</strong></span> <span class='ocrx_word' id='word_1_256' title='bbox 1056 2577 1214 2648; x_wconf 84' lang='lat' dir='ltr'><strong>lugubrem,</strong></span> 
     </span>
     <span class='ocr_line' id='line_1_28' title="bbox 149 2647 1214 2725; baseline 0.005 -20"><span class='ocrx_word' id='word_1_257' title='bbox 149 2652 524 2725; x_wconf 87' lang='lat' dir='ltr'><strong>ptatus.-Nonnullitamen</strong></span> <span class='ocrx_word' id='word_1_258' title='bbox 535 2650 598 2702; x_wconf 84' lang='lat' dir='ltr'><strong>freti</strong></span> <span class='ocrx_word' id='word_1_259' title='bbox 606 2649 664 2720; x_wconf 91' lang='lat' dir='ltr'><strong>qui·</strong></span> <span class='ocrx_word' id='word_1_260' title='bbox 705 2651 753 2722; x_wconf 89' lang='lat' dir='ltr'><strong>qui</strong></span> <span class='ocrx_word' id='word_1_261' title='bbox 764 2647 831 2702; x_wconf 84' lang='lat' dir='ltr'><strong>adeo</strong></span> <span class='ocrx_word' id='word_1_262' title='bbox 844 2653 999 2704; x_wconf 82' lang='lat' dir='ltr'><strong>conveniret</strong></span> <span class='ocrx_word' id='word_1_263' title='bbox 1012 2651 1082 2704; x_wconf 89' lang='lat' dir='ltr'><strong>ludis</strong></span> <span class='ocrx_word' id='word_1_264' title='bbox 1095 2656 1214 2710; x_wconf 81' lang='lat' dir='ltr'><strong>funebri·</strong></span> 
     </span>
     <span class='ocr_line' id='line_1_29' title="bbox 149 2728 1215 2798; baseline 0.005 -13"><span class='ocrx_word' id='word_1_265' title='bbox 149 2732 267 2786; x_wconf 86' lang='lat' dir='ltr'><strong>busdam</strong></span> <span class='ocrx_word' id='word_1_266' title='bbox 276 2731 357 2796; x_wconf 82' lang='lat' dir='ltr'><strong>locis,</strong></span> <span class='ocrx_word' id='word_1_267' title='bbox 369 2743 427 2783; x_wconf 91' lang='lat' dir='ltr'><strong>tum</strong></span> <span class='ocrx_word' id='word_1_268' title='bbox 445 2729 541 2782; x_wconf 87' lang='lat' dir='ltr'><strong>Vellei.</strong></span> <span class='ocrx_word' id='word_1_269' title='bbox 557 2729 598 2792; x_wconf 90' lang='lat' dir='ltr'><strong>II,</strong></span> <span class='ocrx_word' id='word_1_270' title='bbox 614 2745 662 2791; x_wconf 79' lang='lat' dir='ltr'><strong>ro;</strong></span> <span class='ocrx_word' id='word_1_271' title='bbox 705 2729 770 2791; x_wconf 83' lang='lat' dir='ltr'><strong>bua;</strong></span> <span class='ocrx_word' id='word_1_272' title='bbox 786 2740 845 2798; x_wconf 91' lang='lat' dir='ltr'><strong>post</strong></span> <span class='ocrx_word' id='word_1_273' title='bbox 856 2728 970 2798; x_wconf 88' lang='lat' dir='ltr'><strong>primam</strong></span> <span class='ocrx_word' id='word_1_274' title='bbox 988 2749 1054 2784; x_wconf 82' lang='lat' dir='ltr'><strong>vero</strong></span> <span class='ocrx_word' id='word_1_275' title='bbox 1070 2731 1215 2790; x_wconf 82' lang='lat' dir='ltr'><strong>editionem</strong></span> 
     </span>
     <span class='ocr_line' id='line_1_30' title="bbox 151 2803 1216 2884; baseline 0.005 -19"><span class='ocrx_word' id='word_1_276' title='bbox 151 2826 212 2866; x_wconf 87' lang='lat' dir='ltr'><strong>tum</strong></span> <span class='ocrx_word' id='word_1_277' title='bbox 231 2811 327 2874; x_wconf 89' lang='lat' dir='ltr'><strong>Plinii,</strong></span> <span class='ocrx_word' id='word_1_278' title='bbox 347 2807 481 2872; x_wconf 83' lang='lat' dir='ltr'>XXXIII,</span> <span class='ocrx_word' id='word_1_279' title='bbox 504 2827 556 2875; x_wconf 86' lang='lat'><strong>11,</strong></span> <span class='ocrx_word' id='word_1_280' title='bbox 568 2819 664 2880; x_wconf 88' lang='lat' dir='ltr'><strong>putant</strong></span> <span class='ocrx_word' id='word_1_281' title='bbox 706 2803 789 2876; x_wconf 68' lang='lat' dir='ltr'><strong>(aprds</strong></span> <span class='ocrx_word' id='word_1_282' title='bbox 800 2807 949 2878; x_wconf 71' lang='lat' dir='ltr'><strong>lapremiere</strong></span> <span class='ocrx_word' id='word_1_283' title='bbox 961 2805 1171 2884; x_wconf 60' lang='lat' dir='ltr'><strong>representation),</strong></span> <span class='ocrx_word' id='word_1_284' title='bbox 1183 2817 1216 2870; x_wconf 82' lang='lat' dir='ltr'><strong>ti·</strong></span> 
     </span>
     <span class='ocr_line' id='line_1_31' title="bbox 151 2885 1213 2965; baseline 0.006 -22"><span class='ocrx_word' id='word_1_285' title='bbox 151 2892 246 2944; x_wconf 85' lang='lat' dir='ltr'><strong>ambos</strong></span> <span class='ocrx_word' id='word_1_286' title='bbox 255 2889 331 2942; x_wconf 88' lang='lat' dir='ltr'><strong>Pauli</strong></span> <span class='ocrx_word' id='word_1_287' title='bbox 340 2902 449 2960; x_wconf 85' lang='lat' dir='ltr'><strong>nepotes</strong></span> <span class='ocrx_word' id='word_1_288' title='bbox 458 2888 553 2951; x_wconf 83' lang='lat' dir='ltr'><strong>fuisse,</strong></span> <span class='ocrx_word' id='word_1_289' title='bbox 566 2905 621 2940; x_wconf 89' lang='lat' dir='ltr'><strong>non</strong></span> <span class='ocrx_word' id='word_1_290' title='bbox 631 2885 664 2937; x_wconf 83' lang='lat' dir='ltr'><strong>fi·</strong></span> <span class='ocrx_word' id='word_1_291' title='bbox 705 2888 757 2940; x_wconf 90' lang='lat' dir='ltr'><strong>biis</strong></span> <span class='ocrx_word' id='word_1_292' title='bbox 768 2887 896 2952; x_wconf 68' lang='lat' dir='ltr'><strong>Sarranis,</strong></span> <span class='ocrx_word' id='word_1_293' title='bbox 909 2907 954 2943; x_wconf 89' lang='lat' dir='ltr'><strong>seu</strong></span> <span class='ocrx_word' id='word_1_294' title='bbox 965 2891 1088 2957; x_wconf 85' lang='lat' dir='ltr'><strong>sinistris,</strong></span> <span class='ocrx_word' id='word_1_295' title='bbox 1098 2911 1160 2965; x_wconf 79' lang='lat' dir='ltr'><strong>quse</strong></span> <span class='ocrx_word' id='word_1_296' title='bbox 1170 2913 1213 2948; x_wconf 90' lang='lat' dir='ltr'><strong>so-</strong></span> 
     </span>
     <span class='ocr_line' id='line_1_32' title="bbox 151 2967 1218 3044; baseline -0.002 -22"><span class='ocrx_word' id='word_1_297' title='bbox 151 2971 220 3036; x_wconf 80' lang='lat' dir='ltr'><strong>lios3</strong></span> <span class='ocrx_word' id='word_1_298' title='bbox 235 2969 275 3022; x_wconf 88' lang='lat' dir='ltr'><strong>uti</strong></span> <span class='ocrx_word' id='word_1_299' title='bbox 286 2970 369 3022; x_wconf 85' lang='lat' dir='ltr'><strong>refert</strong></span> <span class='ocrx_word' id='word_1_300' title='bbox 382 2968 487 3032; x_wconf 84' lang='lat' dir='ltr'><strong>Livius,</strong></span> <span class='ocrx_word' id='word_1_301' title='bbox 500 2967 547 3019; x_wconf 91' lang='lat' dir='ltr'><strong>lib.</strong></span> <span class='ocrx_word' id='word_1_302' title='bbox 558 2967 663 3033; x_wconf 85' lang='lat' dir='ltr'><strong>XLIV,</strong></span> <span class='ocrx_word' id='word_1_303' title='bbox 706 2985 773 3019; x_wconf 89' lang='lat' dir='ltr'><strong>num</strong></span> <span class='ocrx_word' id='word_1_304' title='bbox 781 2979 889 3020; x_wconf 84' lang='lat' dir='ltr'><strong>scutum</strong></span> <span class='ocrx_word' id='word_1_305' title='bbox 900 2969 1043 3044; x_wconf 75' lang='lat' dir='ltr'><strong>minusque</strong></span> <span class='ocrx_word' id='word_1_306' title='bbox 1047 2973 1149 3027; x_wconf 80' lang='lat' dir='ltr'><strong>tristem</strong></span> <span class='ocrx_word' id='word_1_307' title='bbox 1157 2974 1218 3028; x_wconf 73' lang='lat' dir='ltr'><strong>ede.</strong></span> 
     </span>
     <span class='ocr_line' id='line_1_33' title="bbox 151 3045 1217 3121; baseline 0.009 -25"><span class='ocrx_word' id='word_1_308' title='bbox 151 3069 212 3121; x_wconf 71' lang='lat' dir='ltr'><strong>cap,</strong></span> <span class='ocrx_word' id='word_1_309' title='bbox 228 3054 279 3114; x_wconf 71' lang='lat'><strong>44,</strong></span> <span class='ocrx_word' id='word_1_310' title='bbox 293 3047 339 3111; x_wconf 70' lang='grc'><strong>45.</strong></span> <span class='ocrx_word' id='word_1_311' title='bbox 707 3059 783 3112; x_wconf 88' lang='lat' dir='ltr'><strong>rent,</strong></span> <span class='ocrx_word' id='word_1_312' title='bbox 797 3045 1217 3118; x_wconf 81' lang='lat' dir='ltr'><strong>eamdemrepetitamessefabu-</strong></span> 
     </span>
     <span class='ocr_line' id='line_1_34' title="bbox 198 3123 1216 3204; baseline 0.004 -22"><span class='ocrx_word' id='word_1_313' title='bbox 198 3128 224 3182; x_wconf 82' lang='lat'><strong>5.</strong></span> <span class='ocrx_word' id='word_1_314' title='bbox 240 3129 360 3198; x_wconf 76' lang='lat' dir='ltr'><strong>Egerunt.</strong></span> <span class='ocrx_word' id='word_1_315' title='bbox 370 3128 402 3178; x_wconf 92' lang='lat' dir='ltr'><strong>In</strong></span> <span class='ocrx_word' id='word_1_316' title='bbox 412 3143 443 3178; x_wconf 89' lang='lat' dir='ltr'><strong>ea</strong></span> <span class='ocrx_word' id='word_1_317' title='bbox 454 3137 555 3180; x_wconf 86' lang='lat' dir='ltr'><strong>actores</strong></span> <span class='ocrx_word' id='word_1_318' title='bbox 565 3123 666 3204; x_wconf 81' lang='lat' dir='ltr'><strong>princi·</strong></span> <span class='ocrx_word' id='word_1_319' title='bbox 706 3126 770 3178; x_wconf 85' lang='lat' dir='ltr'><strong>lam.</strong></span> <span class='ocrx_word' id='word_1_320' title='bbox 782 3125 850 3178; x_wconf 88' lang='lat' dir='ltr'><strong>Sane</strong></span> <span class='ocrx_word' id='word_1_321' title='bbox 859 3127 916 3180; x_wconf 83' lang='lat' dir='ltr'><strong>haec</strong></span> <span class='ocrx_word' id='word_1_322' title='bbox 930 3127 1079 3183; x_wconf 85' lang='lat' dir='ltr'><strong>emendatio</strong></span> <span class='ocrx_word' id='word_1_323' title='bbox 1093 3131 1216 3203; x_wconf 79' lang='lat' dir='ltr'><strong>magnam</strong></span> 
     </span>
     <span class='ocr_line' id='line_1_35' title="bbox 154 3204 1216 3280; baseline 0.007 -20"><span class='ocrx_word' id='word_1_324' title='bbox 154 3227 203 3280; x_wconf 87' lang='lat' dir='ltr'><strong>pes</strong></span> <span class='ocrx_word' id='word_1_325' title='bbox 214 3209 305 3272; x_wconf 82' lang='lat' dir='ltr'><strong>fuere3</strong></span> <span class='ocrx_word' id='word_1_326' title='bbox 322 3205 364 3259; x_wconf 88' lang='lat' dir='ltr'><strong>vel</strong></span> <span class='ocrx_word' id='word_1_327' title='bbox 378 3224 436 3258; x_wconf 86' lang='lat' dir='ltr'><strong>eam</strong></span> <span class='ocrx_word' id='word_1_328' title='bbox 446 3205 598 3258; x_wconf 85' lang='lat' dir='ltr'><strong>locaverunt</strong></span> <span class='ocrx_word' id='word_1_329' title='bbox 607 3222 666 3274; x_wconf 83' lang='lat' dir='ltr'><strong>gre·</strong></span> <span class='ocrx_word' id='word_1_330' title='bbox 707 3204 763 3257; x_wconf 86' lang='lat' dir='ltr'><strong>veri</strong></span> <span class='ocrx_word' id='word_1_331' title='bbox 776 3205 890 3276; x_wconf 86' lang='lat' dir='ltr'><strong>speeiem</strong></span> <span class='ocrx_word' id='word_1_332' title='bbox 901 3207 997 3277; x_wconf 81' lang='lat' dir='ltr'><strong>accipit</strong></span> <span class='ocrx_word' id='word_1_333' title='bbox 1011 3227 1043 3262; x_wconf 89' lang='lat' dir='ltr'><strong>ex</strong></span> <span class='ocrx_word' id='word_1_334' title='bbox 1058 3209 1155 3264; x_wconf 90' lang='lat' dir='ltr'><strong>Donati</strong></span> <span class='ocrx_word' id='word_1_335' title='bbox 1168 3233 1216 3266; x_wconf 89' lang='lat' dir='ltr'><strong>au·</strong></span> 
     </span>
     <span class='ocr_line' id='line_1_36' title="bbox 154 3275 1217 3359; baseline 0.007 -20"><span class='ocrx_word' id='word_1_336' title='bbox 154 3289 183 3359; x_wconf 75' lang='lat' dir='ltr'><strong>gi</strong></span> <span class='ocrx_word' id='word_1_337' title='bbox 195 3306 242 3339; x_wconf 88' lang='lat' dir='ltr'><strong>suo</strong></span> <span class='ocrx_word' id='word_1_338' title='bbox 253 3275 584 3358; x_wconf 78' lang='lat' dir='ltr'><strong>agendam(Vid.Andriae</strong></span> <span class='ocrx_word' id='word_1_339' title='bbox 594 3283 664 3336; x_wconf 90' lang='lat' dir='ltr'><strong>titul.</strong></span> <span class='ocrx_word' id='word_1_340' title='bbox 708 3283 841 3348; x_wconf 86' lang='lat' dir='ltr'><strong>ctoritate,</strong></span> <span class='ocrx_word' id='word_1_341' title='bbox 863 3285 999 3339; x_wconf 79' lang='lat' dir='ltr'><strong>scribentis</strong></span> <span class='ocrx_word' id='word_1_342' title='bbox 1020 3288 1049 3340; x_wconf 91' lang='lat' dir='ltr'><strong>in</strong></span> <span class='ocrx_word' id='word_1_343' title='bbox 1064 3291 1217 3359; x_wconf 77' lang='lat' dir='ltr'><strong>praefatione</strong></span> 
     </span>
     <span class='ocr_line' id='line_1_37' title="bbox 155 3356 1217 3433; baseline 0.005 -14"><span class='ocrx_word' id='word_1_344' title='bbox 155 3356 263 3433; x_wconf 76' lang='lat' dir='ltr'><strong>roll.)</strong></span> <span class='ocrx_word' id='word_1_345' title='bbox 539 3379 545 3386; x_wconf 91' lang='grc'><em>·</em></span> <span class='ocrx_word' id='word_1_346' title='bbox 709 3381 754 3426; x_wconf 78' lang='lat' dir='ltr'><strong>sua</strong></span> <span class='ocrx_word' id='word_1_347' title='bbox 768 3362 802 3415; x_wconf 76' lang='lat' dir='ltr'><strong>ad</strong></span> <span class='ocrx_word' id='word_1_348' title='bbox 818 3363 886 3416; x_wconf 80' lang='lat' dir='ltr'><strong>hanc</strong></span> <span class='ocrx_word' id='word_1_349' title='bbox 908 3364 1043 3419; x_wconf 75' lang='lat' dir='ltr'><strong>fabulam:</strong></span> <span class='ocrx_word' id='word_1_350' title='bbox 1058 3393 1069 3414; x_wconf 79' lang='grc' dir='ltr'>ι</span> <span class='ocrx_word' id='word_1_351' title='bbox 1080 3368 1217 3426; x_wconf 86' lang='lat' dir='ltr'><strong>Modulata</strong></span> 
     </span>
     <span class='ocr_line' id='line_1_38' title="bbox 197 3436 1218 3515; baseline 0.005 -17"><span class='ocrx_word' id='word_1_352' title='bbox 197 3451 226 3499; x_wconf 83' lang='grc'><strong>6.</strong></span> <span class='ocrx_word' id='word_1_353' title='bbox 239 3447 276 3498; x_wconf 84' lang='lat' dir='ltr'><strong>Ee</strong></span> <span class='ocrx_word' id='word_1_354' title='bbox 285 3444 376 3497; x_wconf 85' lang='lat' dir='ltr'><strong>Mirat.</strong></span> <span class='ocrx_word' id='word_1_355' title='bbox 389 3443 474 3496; x_wconf 82' lang='lat' dir='ltr'><strong>Protb.</strong></span> <span class='ocrx_word' id='word_1_356' title='bbox 493 3440 611 3506; x_wconf 86' lang='lat' dir='ltr'><strong>Quidam</strong></span> <span class='ocrx_word' id='word_1_357' title='bbox 619 3439 667 3494; x_wconf 89' lang='lat' dir='ltr'><strong>de·</strong></span> <span class='ocrx_word' id='word_1_358' title='bbox 710 3455 747 3495; x_wconf 90' lang='lat' dir='ltr'><strong>est</strong></span> <span class='ocrx_word' id='word_1_359' title='bbox 760 3455 848 3498; x_wconf 86' lang='lat' dir='ltr'><strong>autem</strong></span> <span class='ocrx_word' id='word_1_360' title='bbox 860 3436 1058 3512; x_wconf 69' lang='lat' dir='ltr'><strong>(sabulaltibiis</strong></span> <span class='ocrx_word' id='word_1_361' title='bbox 1067 3445 1178 3515; x_wconf 87' lang='lat' dir='ltr'><strong>dextris,</strong></span> <span class='ocrx_word' id='word_1_362' title='bbox 1187 3450 1218 3504; x_wconf 92' lang='lat' dir='ltr'><strong>id</strong></span> 
     </span>
     <span class='ocr_line' id='line_1_39' title="bbox 154 3520 1218 3597; baseline 0.004 -18"><span class='ocrx_word' id='word_1_363' title='bbox 154 3527 213 3579; x_wconf 88' lang='lat' dir='ltr'><strong>lent</strong></span> <span class='ocrx_word' id='word_1_364' title='bbox 225 3537 258 3576; x_wconf 78' lang='lat' dir='ltr'><strong>et.</strong></span> <span class='ocrx_word' id='word_1_365' title='bbox 269 3524 346 3594; x_wconf 82' lang='lat' dir='ltr'><strong>Legit</strong></span> <span class='ocrx_word' id='word_1_366' title='bbox 357 3522 467 3576; x_wconf 90' lang='lat' dir='ltr'><strong>Bothius</strong></span> <span class='ocrx_word' id='word_1_367' title='bbox 479 3522 632 3592; x_wconf 73' lang='lat' dir='ltr'><strong>Protlaeymus.</strong></span> <span class='ocrx_word' id='word_1_368' title='bbox 710 3534 749 3574; x_wconf 86' lang='lat' dir='ltr'><strong>est</strong></span> <span class='ocrx_word' id='word_1_369' title='bbox 762 3520 855 3592; x_wconf 88' lang='lat' dir='ltr'><strong>Lydiis</strong></span> <span class='ocrx_word' id='word_1_370' title='bbox 877 3523 912 3575; x_wconf 90' lang='lat' dir='ltr'><strong>ob</strong></span> <span class='ocrx_word' id='word_1_371' title='bbox 928 3524 1023 3577; x_wconf 87' lang='lat' dir='ltr'><strong>seriam</strong></span> <span class='ocrx_word' id='word_1_372' title='bbox 1043 3525 1218 3597; x_wconf 77' lang='lat' dir='ltr'><strong>gravitatem,</strong></span> 
     </span>
     <span class='ocr_line' id='line_1_40' title="bbox 199 3591 1218 3677; baseline 0.007 -22"><span class='ocrx_word' id='word_1_373' title='bbox 199 3623 226 3674; x_wconf 90' lang='lat'><strong>7.</strong></span> <span class='ocrx_word' id='word_1_374' title='bbox 243 3591 332 3657; x_wconf 74' lang='lat' dir='ltr'><strong>Clalsd.</strong></span> <span class='ocrx_word' id='word_1_375' title='bbox 350 3598 455 3672; x_wconf 75' lang='lat' dir='ltr'><strong>[filiusl.</strong></span> <span class='ocrx_word' id='word_1_376' title='bbox 464 3602 504 3654; x_wconf 91' lang='lat' dir='ltr'><strong>De</strong></span> <span class='ocrx_word' id='word_1_377' title='bbox 514 3601 565 3653; x_wconf 82' lang='lat' dir='ltr'><strong>hac</strong></span> <span class='ocrx_word' id='word_1_378' title='bbox 580 3600 665 3652; x_wconf 91' lang='lat' dir='ltr'><strong>inter·</strong></span> <span class='ocrx_word' id='word_1_379' title='bbox 711 3614 781 3654; x_wconf 86' lang='lat' dir='ltr'><strong>etc...</strong></span> <span class='ocrx_word' id='word_1_380' title='bbox 795 3601 870 3671; x_wconf 76' lang='lat' dir='ltr'><strong>Soepe</strong></span> <span class='ocrx_word' id='word_1_381' title='bbox 883 3615 970 3656; x_wconf 89' lang='lat' dir='ltr'><strong>tamen</strong></span> <span class='ocrx_word' id='word_1_382' title='bbox 984 3607 1089 3659; x_wconf 77' lang='lat' dir='ltr'><strong>mutatis</strong></span> <span class='ocrx_word' id='word_1_383' title='bbox 1101 3627 1149 3677; x_wconf 90' lang='lat' dir='ltr'><strong>per</strong></span> <span class='ocrx_word' id='word_1_384' title='bbox 1163 3627 1218 3662; x_wconf 85' lang='lat' dir='ltr'><strong>soe-</strong></span> 
     </span>
     <span class='ocr_line' id='line_1_41' title="bbox 158 3676 1220 3758; baseline 0.002 -24"><span class='ocrx_word' id='word_1_385' title='bbox 158 3683 296 3756; x_wconf 88' lang='lat' dir='ltr'><strong>polatione</strong></span> <span class='ocrx_word' id='word_1_386' title='bbox 311 3681 374 3735; x_wconf 83' lang='lat' dir='ltr'><strong>vide</strong></span> <span class='ocrx_word' id='word_1_387' title='bbox 394 3679 461 3752; x_wconf 90' lang='lat' dir='ltr'><strong>quid</strong></span> <span class='ocrx_word' id='word_1_388' title='bbox 480 3679 624 3733; x_wconf 86' lang='lat' dir='ltr'><strong>dixerimus</strong></span> <span class='ocrx_word' id='word_1_389' title='bbox 636 3676 669 3731; x_wconf 90' lang='lat' dir='ltr'><strong>ad</strong></span> <span class='ocrx_word' id='word_1_390' title='bbox 712 3698 774 3732; x_wconf 88' lang='lat' dir='ltr'><strong>nam</strong></span> <span class='ocrx_word' id='word_1_391' title='bbox 784 3679 885 3746; x_wconf 86' lang='lat' dir='ltr'><strong>modis,</strong></span> <span class='ocrx_word' id='word_1_392' title='bbox 898 3682 999 3736; x_wconf 82' lang='lat' dir='ltr'><strong>cantica</strong></span> <span class='ocrx_word' id='word_1_393' title='bbox 1012 3686 1137 3752; x_wconf 87' lang='lat' dir='ltr'><strong>mutavit,</strong></span> <span class='ocrx_word' id='word_1_394' title='bbox 1147 3687 1220 3758; x_wconf 83' lang='lat' dir='ltr'><strong>quod</strong></span> 
     </span>
     <span class='ocr_line' id='line_1_42' title="bbox 158 3759 1224 3830; baseline 0.003 -13"><span class='ocrx_word' id='word_1_395' title='bbox 158 3764 270 3817; x_wconf 89' lang='lat' dir='ltr'><strong>titulum</strong></span> <span class='ocrx_word' id='word_1_396' title='bbox 291 3759 670 3822; x_wconf 85' lang='lat' dir='ltr'><strong>Heautontimorumeni,n.6</strong></span> <span class='ocrx_word' id='word_1_397' title='bbox 713 3759 844 3830; x_wconf 82' lang='lat' dir='ltr'><strong>significat</strong></span> <span class='ocrx_word' id='word_1_398' title='bbox 857 3760 948 3814; x_wconf 89' lang='lat' dir='ltr'><strong>titulus</strong></span> <span class='ocrx_word' id='word_1_399' title='bbox 958 3779 1040 3816; x_wconf 80' lang='lat' dir='ltr'><strong>scenae</strong></span> <span class='ocrx_word' id='word_1_400' title='bbox 1052 3765 1153 3820; x_wconf 87' lang='lat' dir='ltr'><strong>habens</strong></span> <span class='ocrx_word' id='word_1_401' title='bbox 1162 3769 1224 3820; x_wconf 89' lang='lat' dir='ltr'><strong>sub·</strong></span> 
     </span>
     <span class='ocr_line' id='line_1_43' title="bbox 161 3831 1218 3913; baseline -0.002 -18"><span class='ocrx_word' id='word_1_402' title='bbox 161 3834 171 3913; x_wconf 82' lang='lat'>(</span> <span class='ocrx_word' id='word_1_403' title='bbox 185 3843 238 3895; x_wconf 85' lang='lat' dir='ltr'><strong>vol.</strong></span> <span class='ocrx_word' id='word_1_404' title='bbox 250 3844 282 3906; x_wconf 92' lang='lat'><strong>1,</strong></span> <span class='ocrx_word' id='word_1_405' title='bbox 293 3861 353 3912; x_wconf 84' lang='lat' dir='ltr'><strong>pag.</strong></span> <span class='ocrx_word' id='word_1_406' title='bbox 369 3831 450 3907; x_wconf 82' lang='lat'><strong>303.)</strong></span> <span class='ocrx_word' id='word_1_407' title='bbox 714 3841 794 3908; x_wconf 72' lang='lat' dir='ltr'><strong>jectar</strong></span> <span class='ocrx_word' id='word_1_408' title='bbox 814 3842 932 3910; x_wconf 86' lang='lat' dir='ltr'><strong>personis</strong></span> <span class='ocrx_word' id='word_1_409' title='bbox 952 3842 1041 3897; x_wconf 84' lang='lat' dir='ltr'><strong>literas</strong></span> <span class='ocrx_word' id='word_1_410' title='bbox 1053 3845 1092 3897; x_wconf 89' lang='lat' dir='ltr'><strong>M.</strong></span> <span class='ocrx_word' id='word_1_411' title='bbox 1107 3845 1146 3897; x_wconf 87' lang='lat' dir='ltr'><strong>M.</strong></span> <span class='ocrx_word' id='word_1_412' title='bbox 1164 3848 1195 3900; x_wconf 90' lang='lat' dir='ltr'><strong>C.</strong></span> <span class='ocrx_word' id='word_1_413' title='bbox 1207 3873 1218 3893; x_wconf 66' lang='lat' dir='ltr'><strong>s</strong></span> 
     </span>
     <span class='ocr_line' id='line_1_44' title="bbox 203 3915 800 3984; baseline -0.01 -8"><span class='ocrx_word' id='word_1_414' title='bbox 203 3925 230 3976; x_wconf 87' lang='grc'><strong>8.</strong></span> <span class='ocrx_word' id='word_1_415' title='bbox 251 3922 325 3974; x_wconf 72' lang='grc' dir='ltr'><strong>Ἡόἰίε</strong></span> <span class='ocrx_word' id='word_1_416' title='bbox 336 3919 453 3972; x_wconf 81' lang='lat' dir='ltr'><strong>Serranis.</strong></span> <span class='ocrx_word' id='word_1_417' title='bbox 467 3918 533 3984; x_wconf 80' lang='lat' dir='ltr'><strong>Alii,</strong></span> <span class='ocrx_word' id='word_1_418' title='bbox 549 3917 603 3969; x_wconf 81' lang='lat' dir='ltr'><strong>Tib.</strong></span> <span class='ocrx_word' id='word_1_419' title='bbox 617 3915 674 3968; x_wconf 69' lang='lat' dir='ltr'><strong>Sar«</strong></span> <span class='ocrx_word' id='word_1_420' title='bbox 720 3919 800 3970; x_wconf 85' lang='lat' dir='ltr'><strong>Zeurr.</strong></span> 
     </span>
    </p>
   </div>
   <div class='ocr_carea' id='block_1_4' title="bbox 1030 3997 1077 4097">
    <p class='ocr_par' dir='ltr' id='par_1_4' title="bbox 1030 3997 1077 4097">
     <span class='ocr_line' id='line_1_45' title="bbox 1030 3997 1077 4097; baseline 0 -93"><span class='ocrx_word' id='word_1_421' title='bbox 1030 3997 1077 4097; x_wconf 32' lang='lat' dir='ltr'>P</span> 
     </span>
    </p>
   </div>
   <div class='ocr_carea' id='block_1_5' title="bbox 0 0 1430 4788">
    <p class='ocr_par' dir='ltr' id='par_1_5' title="bbox 0 0 1430 4788">
     <span class='ocr_line' id='line_1_46' title="bbox 0 0 1430 4788; baseline 0 0"><span class='ocrx_word' id='word_1_422' title='bbox 0 0 1430 4788; x_wconf 95' lang='lat' dir='ltr'><strong> </strong></span> 
     </span>
    </p>
   </div>
  </div>
 </body>
</html>
