2834 4788
237 385 286 455 αθ
459 383 639 450 PUBLII
666 380 925 450 TERENTII
952 381 1072 448 AFRI

236 514 314 583 Non
333 513 377 582 nil
396 511 533 582 molesta
553 513 625 582 haec
646 527 724 582 sunt
745 513 844 600 mihi;
859 512 916 581 sed
937 513 1128 600 ostendere,

237 623 294 688 Me
312 645 398 714 aegre
417 621 504 715 pati,
522 617 569 688 illi
585 617 687 690 nolui.
702 620 790 688 Nam
808 621 853 688 ita
866 617 907 688 ’st
924 619 1027 688 homo
1038 625 1057 685 :⁴

235 726 350 813 Quum
372 725 486 820 placo,
507 725 667 796 advorsor
685 723 817 812 sedulo,
835 739 869 792 et
886 725 1046 794 deterreo.
1265 749 1301 794 ns

235 833 360 900 Tamen
382 833 436 900 vix
458 813 603 900 huinane
624 833 769 926 patitur:
790 856 905 900 verum
924 833 951 900 si
969 853 1123 924 augeam,

237 938 306 1005 Aut
327 937 427 1007 etiam
446 936 579 1030 adjutor
599 940 660 1006 sim
678 938 749 1031 ejus
764 937 960 1020 iracundie,

236 1045 401 1112 Insaniam
422 1043 572 1137 profecto
589 1069 665 1114 cum
684 1042 760 1128 illo;
775 1045 836 1112 etsi
850 1042 1024 1112 AEschinus

237 1150 315 1218 Non
330 1147 455 1218 nullam
473 1151 507 1218 in
524 1149 587 1218 hac
608 1175 644 1218 re
660 1149 755 1218 nobis
775 1149 855 1218 facit
873 1149 1036 1241 injuriam.
1073 1202 1077 1208 .

236 1255 346 1342 Quam
364 1254 420 1324 hic
435 1281 502 1324 non
517 1258 640 1324 amavit
653 1252 881 1324 meretricem?
893 1258 960 1323 Aut
973 1256 1027 1324 cui
1042 1279 1110 1322 non
1124 1254 1216 1323 dedit
1265 1282 1304 1321 ιιι

237 1359 392 1454 Aliquid?
409 1363 580 1430 Postremo
600 1387 705 1456 nuper
719 1356 833 1447 (credo
844 1413 853 1446 ‚
864 1361 931 1453 jam
947 1362 1095 1430 omnium

235 1455 435 1558 Tendebat),
456 1467 536 1536 dixit
554 1467 638 1536 velle
660 1491 797 1536 uxorem
820 1467 952 1536 ducere.

236 1645 350 1702 admises
370 1667 429 1701 sans
443 1666 545 1701 aucune
559 1647 717 1701 restrictior.
733 1673 745 1694 ι
786 1649 839 1718 jam
855 1659 911 1699 ante
932 1647 983 1717 adj.
1003 1645 1081 1698 Both.
1103 1647 1188 1718 rejicit
1212 1659 1256 1698 aut
1276 1649 1305 1698 in

237 1727 329 1780 Minus
344 1741 433 1780 autern
453 1729 558 1798 placent
574 1727 603 1779 in
618 1727 749 1798 interpre·
791 1745 898 1780 versum
920 1729 985 1792 146,
1006 1739 1032 1778 et
1054 1726 1126 1778 hunc
1146 1744 1252 1780 versum
1269 1727 1307 1778 ita

239 1805 320 1858 tando
349 1809 396 1876 qui
417 1805 581 1861 subaudiunt
606 1827 703 1869 verum5
724 1817 751 1860 et
793 1805 975 1876 scribit:Adj.
990 1808 1152 1857 etiamsime.
1168 1809 1184 1858 ι’.
1199 1807 1307 1858 —Aa-

165 1914 167 1916 -
200 1940 202 1945 ,
239 1885 373 1954 praecipue
390 1888 523 1949 Donatus,
545 1888 592 1956 qni
615 1887 750 1956 explicat:
787 1888 913 1956 jutorsr'm
926 1885 1128 1955 ejusr'racundr'oe.
1146 1885 1217 1937 Dum
1228 1903 1308 1938 nem-

240 1986 252 2008 «
261 1963 317 2015 Nec
326 1963 521 2016 contemnenda
530 1977 593 2018 sunt
603 1983 662 2036 quae
671 1965 752 2032 dicit,
793 1983 828 2036 pe
838 1964 878 2016 itti
888 1965 1040 2036 objurganti
1054 1964 1223 2030 assentirem,
1233 1964 1308 2018 etsie

240 2061 294 2099 nec,
312 2042 400 2095 omnia
417 2041 482 2095 dicit
500 2055 596 2100 tamen.
617 2044 675 2100 Hoc
697 2058 750 2108 est,
794 2044 908 2098 habenas
920 2043 1111 2114 permitterem.

241 2121 363 2175 noneolas
376 2135 437 2175 sunt
450 2141 508 2193 quae
522 2119 603 2188 dicit,
613 2121 660 2176 sed
671 2125 752 2177 multa
837 2126 902 2186 148.
917 2125 1040 2175 Insaniam
1055 2123 1164 2192 profecto
1183 2141 1236 2174 eum
1255 2125 1306 2176 tua.

241 2202 301 2254 alia.
315 2227 326 2248 ι
794 2203 881 2254 Ambo
891 2201 1016 2256 fieremus
1035 2202 1136 2264 insani3
1155 2219 1203 2272 ego
1220 2202 1309 2255 homi-

286 2281 349 2342 143.
363 2281 456 2333 Tamen
468 2301 516 2333 non
527 2281 564 2332 nil
572 2281 670 2332 molesta
683 2283 750 2345 haee,
794 2300 855 2334 nem
862 2279 1046 2347 accendend03
1054 2281 1099 2334 ille
1106 2297 1184 2352 supra
1193 2279 1307 2334 modum

241 2373 291 2413 etc.
303 2359 475 2413 Dacieriahic
483 2359 751 2432 adnotatingeniose:
794 2360 940 2414 irascendo.

242 2461 253 2482 α
269 2441 389 2494 Terence
399 2441 446 2492 tait
457 2440 525 2492 ainsi
537 2441 625 2510 parler
639 2439 753 2506 Mision,
838 2447 902 2510 149.
917 2441 999 2494 Facit.
1013 2441 1251 2507 Guelf.¹1‚saciat.
1267 2473 1309 2484 -

242 2537 313 2590 pour
326 2520 453 2573 satisfaire
466 2521 503 2572 les
516 2533 689 2590 spectateurs‚
706 2521 753 2592 qui
794 2521 884 2572 Indae
898 2539 933 2574 re.
947 2521 990 2574 cf.
1010 2537 1107 2590 supra,
1129 2525 1183 2590 89,
1205 2539 1249 2588 9⁰·
1268 2551 1309 2564 --

239 2599 360 2652 auraient
377 2603 471 2653 trouve
488 2601 604 2653 mauvais
623 2601 688 2672 qu'il
708 2601 754 2652 eiu
795 2601 884 2666 Quam
895 2613 983 2653 nutem
998 2601 1068 2652 mitis
1078 2602 1111 2654 sit
1121 2600 1308 2670 reprehensio,

242 2677 283 2732 dit
296 2678 343 2734 des
356 2680 448 2734 choses
465 2681 512 2751 qui
528 2682 672 2750 ponvaient
687 2680 753 2733 faire
794 2691 821 2732 et
840 2680 892 2734 hoc
914 2682 974 2752 ipso
985 2717 986 2720 κ
998 2679 1098 2749 gravis,
1122 2677 1311 2734 animadvertit

241 2777 278 2812 un
292 2761 484 2813 tres-mechant
495 2760 560 2812 effer
576 2761 641 2814 dans
653 2761 754 2831 l’esprit
795 2760 923 2832 exquisite
934 2762 1069 2824 Donatus;
1078 2777 1140 2812 nam
1154 2763 1309 2822 etsi,*etnon

242 2835 288 2912 des
299 2840 483 2908 jeunesgens,
496 2838 753 2910 s’iln'efatajoutece
795 2841 886 2891 trullam
908 2841 991 2901 nobis,
1008 2850 1216 2908 temperamento
1240 2851 1306 2890 sunt

242 2917 403 2968 eorrectifr»
794 2919 889 2988 posita.

285 2999 348 3056 144.
359 2994 402 3045 Me
415 3014 479 3064 aegre
488 2999 550 3062 pati.
568 2996 678 3048 Constat
690 3015 753 3066 ergo
839 3003 900 3051 150.
915 2997 995 3067 Quam
1010 2999 1048 3048 laic
1065 3017 1112 3049 non
1127 2999 1218 3051 amavit
1232 3015 1310 3048 mere·
1406 3021 1407 3038 t

242 3091 307 3142 aegre
316 3077 371 3144 pati
378 3093 389 3134 ,·
399 3092 462 3126 nam
474 3075 551 3127 aliter
563 3095 619 3128 non
635 3087 691 3129 erat
705 3095 753 3146 pa·
796 3079 899 3128 trireme²
911 3076 999 3128 Etiam
1010 3095 1093 3148 quum
1107 3090 1210 3130 accusat
1222 3089 1309 3146 pater,
1406 3109 1407 3138 r

241 3170 310 3204 rens.
325 3154 417 3206 Donat.
430 3187 471 3196 -
484 3155 550 3207 Nam
569 3160 603 3208 ita
624 3157 751 3208 est-bomo.
795 3155 948 3208 cnm-venia
956 3155 1019 3210 iacit
1031 3169 1057 3209 et
1067 3155 1228 3210 defensione.
1238 3156 1310 3209 Nam

241 3233 282 3284 De
297 3233 395 3286 Demea
405 3233 534 3304 loquitur.
795 3235 883 3288 coiere
890 3227 1311 3306 meretricemnonestfla'gitium
1406 3231 1407 3270 i

284 3311 349 3376 145.
367 3314 545 3384 (inemptam,
560 3313 753 3367 advorsorsedn·
795 3327 821 3367 et
834 3315 913 3368 simul
928 3315 1007 3367 etiam
1023 3315 1119 3369 vitiato
1131 3315 1243 3386 virginis
1259 3313 1309 3368 ad·
1406 3319 1407 3334 ¹

241 3389 273 3441 lo.
290 3393 370 3450 Both.
381 3411 451 3464 quum
461 3395 536 3464 plane
548 3394 603 3447 ado.
614 3425 654 3435 --
673 3395 753 3462 Quum
795 3395 848 3447 huc
860 3397 966 3464 ignarus
978 3394 1126 3448 ostenditur
1143 3395 1234 3447 Micio.
1252 3395 1309 3444 Do·
1406 3429 1407 3440 .

237 3470 319 3538 placo.
335 3473 403 3537 Pro,
416 3492 487 3544 quiam
496 3475 595 3544 placare
606 3475 672 3527 nolo.
688 3473 753 3526 Sen·
794 3487 846 3526 nat.
855 3506 895 3519 -
908 3475 955 3528 Cui
967 3493 1014 3527 non
1023 3475 1091 3527 dedit
1102 3475 1202 3546 aliquid.
1213 3474 1310 3526 Dicen·
1406 3491 1407 3510 ³

241 3567 303 3601 sus:
318 3569 400 3622 quum
414 3552 519 3622 placare
530 3554 608 3618 volo,
623 3555 647 3607 ei
664 3573 695 3606 ex
711 3555 753 3608 in·
795 3553 831 3607 do
845 3559 884 3607 cui
898 3567 924 3607 et
942 3555 1049 3628 aliquid,
1070 3567 1178 3625 paterne
1196 3565 1310 3624 praeter-
1406 3561 1407 3606 t

241 3627 342 3682 dustria
363 3649 496 3702 repugno,
522 3645 548 3684 et
569 3653 618 3704 per
640 3635 693 3688 rim
721 3653 752 3688 ac
796 3634 1309 3700 misit,velmeretricem,velnnmernm.
1406 3635 1407 3678 ἒ

241 3722 340 3761 metum
352 3711 385 3762 ab
397 3711 436 3762 ira
451 3729 555 3764 revoco.
795 3716 888 3768 Donat.
1406 3707 1407 3718 ἵ

274 3794 349 3852 ndd.
369 3791 479 3853 Tamen,
504 3803 530 3843 et
549 3804 651 3850 tamen,
673 3793 751 3845 etiarn
840 3794 903 3848 151.
916 3795 1028 3847 Omnium
1041 3776 1223 3858 meretricum
1239 3792 1313 3846 sicut
1406 3779 1407 3822 3

242 3877 307 3918 tum.
318 3899 357 3910 -
370 3869 498 3936 Humane,
511 3871 615 3924 leniter.
629 3903 669 3913 -
682 3874 753 3924 Pati·
796 3871 824 3924 in
833 3874 955 3926 Eunuch.
971 3892 1025 3942 ²97
1042 3893 1099 3944 sqq.
1113 3871 1227 3926 «Taedet
1239 3890 1313 3942 quo-
1406 3909 1407 3914 ,

160 4019 163 4024 ι
242 3955 294 4006 mr,
314 3964 341 3998 κ
357 3949 462 4016 placari.
796 3951 955 4005 tidiannrum
969 3953 1063 4004 harum
1077 3954 1232 4006 formarum.
1248 3977 1259 3996 a

247 4037 250 4044 ’
284 4025 750 4099 147.Autetiamadjator.Guelf.2‚
840 4032 903 4086 152.
930 4033 1002 4084 Dixit
1018 4033 1088 4084 velle.
1111 4032 1200 4084 Guels.
1222 4050 1253 4093 ι,
1281 4053 1314 4096 n,
