2824 4778
251 323 321 399 256
456 375 459 381 ι
482 325 660 396 PUBLII
683 323 931 393 TERENTII
953 322 1073 391 AFRI

249 465 288 530 Α.
299 457 388 549 Quid
396 455 514 550 agam?
523 459 615 526 Pnn.
628 455 719 545 Quid
732 454 799 526 ais?
812 459 854 526 G.
863 457 970 550 Hujus
980 471 1111 551 patrem
1119 456 1237 526 vidisse
1248 481 1306 543 me,

409 577 564 658 patruum
579 577 684 630 tuum.

250 676 288 742 Α.
303 673 391 742 Nam
404 668 494 764 quod
511 693 573 762 ego
588 669 667 737 huie
684 693 774 738 nunc
789 667 898 738 subito
911 669 1011 737 exitio
1023 667 1207 738 remedium
1221 669 1305 737 inve·

266 785 269 792 '
411 776 515 862 niam,
532 773 651 842 miser?
1273 805 1306 831 πω

250 882 351 973 Quod
363 883 389 950 si
405 905 445 950 eo
456 905 538 950 meae
551 879 692 950 fortunae
705 880 861 967 redeunt,
875 881 1057 967 Phanium,
1074 881 1133 948 abs
1145 893 1177 947 te
1189 893 1228 946 ut
1243 879 1306 948 dis*

408 986 535 1072 trahar,

248 1093 350 1164 Nulla
359 1095 400 1161 'st
414 1093 495 1160 mihi
507 1093 574 1160 vita
588 1091 779 1186 expetenda.
794 1093 836 1162 G.
849 1094 939 1184 Ergo
952 1093 1041 1160 istaec
1051 1110 1154 1186 quum
1167 1093 1213 1160 ito
1228 1092 1306 1177 sint,

406 1199 573 1293 Antipho,

246 1309 355 1375 Tanto
362 1305 466 1399 magis
475 1319 507 1372 te
517 1303 694 1398 advigilare
701 1327 831 1398 aequum
839 1306 894 1372 ’st:
908 1302 1009 1372 fortes
1019 1303 1154 1372 fortuna
1166 1303 1305 1396 adjuvat.

248 1416 286 1482 A.
296 1415 375 1484 Non
384 1410 554 1505 sumapud
565 1435 627 1478 me.
637 1411 937 1505 G.Atquiopusest
947 1433 1147 1503 nuncquum
1158 1433 1305 1478 maxume
1395 1447 1396 1500 i

410 1531 448 1586 ut
466 1519 523 1604 sis,
540 1517 697 1611 Antipho.
728 1599 733 1610 ι

248 1628 335 1696 Nam
350 1628 377 1695 si
395 1625 533 1694 senserit
546 1637 579 1692 te
593 1622 745 1691 timidum
762 1636 856 1717 pater
873 1645 961 1706 esse,
980 1621 1194 1690 arbitrabitur
1251 1653 1254 1662 ⁴
1272 1647 1305 1684 ,οε

249 1733 493 1801 Commeruisse
503 1729 646 1823 eulpam.
655 1731 746 1798 Petu.
755 1731 829 1796 Hoc
844 1726 1018 1798 verum'st.
1032 1731 1072 1796 Α.
1086 1730 1165 1798 Non
1176 1751 1305 1822 possum

406 1837 620 1905 immutarier.

248 1946 289 2013 G.
303 1943 394 2031 Quid
405 1943 543 2021 faceres,
559 1944 586 2010 si
592 1940 686 2020 ,aliud
699 1941 830 2036 gravius
841 1938 901 2009 tibi
910 1965 999 2011 nunc
1007 1940 1200 2010 faciundum
1208 1936 1306 2009 foret?

246 2209 296 2249 rat.
311 2200 377 2246 Dan.
396 2221 431 2231 —
443 2197 526 2243 Hem!
546 2189 655 2262 Propria
673 2201 698 2242 et
711 2209 758 2242 sua
802 2190 994 2259 modosortmm
1007 2194 1118 2258 adurat,
1138 2205 1170 2245 ut
1180 2193 1255 2246 estin
1266 2210 1305 2244 ve-

248 2275 346 2344 cuique
359 2287 477 2342 persono
492 2269 628 2320 exhibuit:
641 2269 759 2322 celerita·
802 2272 851 2324 teri
872 2271 1033 2342 proverbio,
1054 2271 1100 2324 sed
1124 2273 1210 2324 inulto
1231 2272 1304 2342 tnagis

248 2367 301 2406 tem
312 2370 344 2404 ex
356 2348 485 2421 presagio
496 2349 623 2400 metuenti
634 2350 759 2418 Antipho·
802 2351 878 2402 ratio.
893 2375 904 2396 ι
926 2352 1065 2404 Sallustius
1084 2370 1091 2401 r
1111 2377 1123 2396 α
1140 2351 1281 2422 Vigilando
1296 2390 1302 2411 ,

248 2434 295 2486 ni:
313 2443 338 2484 et
352 2427 500 2481 tarditatem
514 2429 662 2486 intellectus
676 2429 758 2499 quieti
801 2427 918 2500 agendo,
929 2431 996 2482 bene
1005 2429 1178 2495 consulendo,
1188 2447 1305 2501 prospere

247 2511 362 2584 pectoris
374 2527 468 2562 securo
482 2507 616 2560 Phaedriae.
627 2513 694 2561 Dori.
801 2508 889 2560 omnia
902 2509 1028 2562 cedunt.»
1055 2509 1150 2574 Qualia
1164 2509 1212 2579 qui
1226 2520 1303 2571 amat,

286 2608 345 2658 199.
366 2591 432 2654 Quid
444 2587 577 2648 ais9Haec
591 2586 625 2639 ad
639 2589 739 2640 Getam.
802 2587 960 2659 plerumque
985 2587 1057 2660 apud
1079 2589 1141 2640 soh.
1164 2587 1304 2642 Weitzium

284 2689 343 2723 auo.
356 2671 422 2718 Nam
441 2669 515 2734 quod.
534 2666 585 2718 Pro
602 2671 671 2734 quod
682 2687 757 2733 nam,
801 2665 944 2736 diligenter
957 2680 1077 2738 congesta
1087 2667 1210 2738 reperiet.
1224 2667 1304 2720 Nostri
1394 2711 1395 2742 ;

247 2771 297 2822 per
308 2747 473 2800 metathesin.
802 2758 891 2799 autem
904 2747 1019 2798 instituti
1027 2747 1097 2799 ratio
1108 2747 1175 2798 illue
1188 2765 1243 2800 non
1256 2763 1305 2818 pet·
1394 2747 1395 2818 J

285 2847 343 2880 nor.
357 2827 550 2891 Meoefortuaoe.
562 2825 675 2895 Tragice
688 2843 757 2878 ama·
799 2826 864 2879 tinet
871 2825 965 2897 ;quod
975 2819 1232 2879 semel'monendnrn
1246 2838 1288 2879 eet.
1394 2819 1395 2840 ¹

247 2921 289 2958 tor
299 2906 351 2956 hoc
371 2902 508 2972 negotium
526 2904 646 2956 fortunas
665 2923 757 2957 omnes
837 2912 896 2968 ²⁰4·
917 2910 993 2973 Apud
1004 2926 1054 2968 me,
1067 2909 1120 2958 mel
1141 2925 1304 2977 compos-
1345 2947 1350 2960 ,

247 2983 316 3037 dixit
331 2998 394 3032 esse.
407 2983 472 3030 Don.
486 3009 522 3019 -
531 2983 658 3033 Phanium.
677 2985 756 3036 Atua-
801 2993 873 3040 Nunc
884 2989 1082 3054 quummaxime.
1098 2987 1168 3038 Tam
1187 2987 1228 3038 tui
1241 3005 1303 3038 com·

246 3062 312 3115 toria
326 3057 487 3130 προσφώνησῑς
498 3077 546 3130 per
560 3061 757 3130 &erumm-
795 3085 863 3137 pos,
874 3085 953 3137 quam
966 3085 1049 3137 quum
1063 3084 1090 3118 es
1100 3066 1226 3118 maxime.
1235 3097 1267 3107 ·-
1277 3070 1305 3115 tlt

248 3145 299 3195 Abs
310 3155 333 3191 te
345 3151 372 3188 ut
384 3139 521 3187 distrahar.
534 3137 594 3190 Non
607 3137 672 3191 dixit
684 3150 711 3191 α’
719 3160 757 3192 me
800 3150 842 3198 sis.
856 3144 974 3200 Subaud.
983 3151 1055 3214 apud
1062 3161 1095 3198 te.

246 3219 388 3274 distraharis
396 3237 407 3278 ,·
420 3227 446 3268 et
455 3215 515 3269 vide
525 3219 636 3271 verbum
644 3219 699 3271 vim
710 3238 756 3272 eo·
836 3224 898 3277 205.
920 3227 1053 3285 Pieridum,
1068 3235 1242 3276 metuentem.

246 3299 369 3355 haerentis
382 3294 530 3348 Ostendere·
554 3301 615 3347 ΒΜ.
677 3323 680 3328 ·
837 3305 1087 3366 206.0ommeruisse,
1096 3321 1147 3373 pro
1156 3306 1304 3354 comrm'sisse.

194 3397 199 3408 ¹
282 3379 625 3448 noa.NulIn.1ntellige,vel
634 3398 683 3450 pro
692 3401 757 3442 nom·
801 3385 1020 3452 -Culpam‚pr0
1031 3401 1146 3450 ponatur,
1164 3381 1201 3433 ait
1214 3381 1303 3434 Perlet.

246 3463 288 3516 vel
308 3479 358 3532 pro
379 3461 470 3510 nullius
496 3461 649 3510 conditionis.
675 3461 757 3526 Quasi
800 3461 867 3513 Nam
879 3466 950 3528 culpa
959 3462 1067 3514 Tacitus
1078 3461 1128 3526 ait,
1141 3480 1224 3532 quam
1236 3481 1306 3530 poena

247 3543 319 3595 dicat
328 3557 334 3590 :
344 3542 385 3589 Ne
393 3535 503 3588 deorum
512 3537 621 3607 quidem
629 3540 681 3593 vita
691 3541 756 3592 mihi
800 3554 839 3594 est
847 3555 965 3612 tempore
976 3541 1060 3612 prior.
1073 3543 1142 3594 Ann.
1153 3542 1217 3606 XV,
1234 3561 1305 3612 ²⁰2*

247 3619 332 3675 dulcis
343 3627 408 3669 esset
417 3615 473 3667 siue
482 3629 515 3668 te.
527 3621 590 3678 Dan,
799 3625 851 3672 Hoc
861 3641 955 3692 'verrem
976 3635 1018 3670 est.
1040 3621 1164 3690 Congrue
1182 3620 1228 3683 fit,
1243 3631 1270 3670 ut
1282 3630 1306 3670 et

284 3697 342 3753 203.
357 3697 509 3762 Advigilare.
523 3694 654 3758 subaudi,
669 3711 699 3750 ut
707 3719 755 3771 pa·
799 3700 863 3753 Geta
877 3713 903 3752 et
924 3699 1045 3752 Phaedria
1068 3699 1225 3752 audaciores
1239 3699 1305 3760 rint,

246 3794 285 3832 ter
298 3777 346 3830 tibi
358 3777 493 3846 placetur,
507 3793 594 3846 neque
608 3789 637 3829 tu
659 3777 754 3832 distra-
800 3780 846 3849 qui
860 3793 886 3832 et
905 3781 1003 3849 absque
1026 3795 1117 3830 amore
1138 3779 1192 3830 sint
1203 3797 1209 3828 :
1221 3790 1248 3830 et
1260 3779 1306 3829 hos

245 3860 340 3910 liarisa
352 3853 698 3922 Phanio-Fortesfhmma
708 3863 754 3910 ad·
799 3871 903 3929 oportet
915 3860 994 3930 objici
1008 3877 1058 3930 pro
1080 3857 1235 3928 Antiphone
1252 3855 1306 3909 seni

239 3943 320 4005 javat.
342 3935 401 3986 Huc
422 3933 534 4003 pertinet
556 3934 662 3994 Cicero,
674 3935 752 3990 Tusc.
798 3938 871 3990 irato.
883 3944 950 3990 Dea.
962 3941 1164 3990 -Immutoriea
1181 3937 1305 4002 Naturam

245 4016 288 4079 ll,
305 4021 338 4078 4:
356 4017 452 4063 ‹Fortes
466 4014 555 4080 enim,
578 4014 677 4086 inquit,
698 4035 753 4070 nou
798 4036 881 4070 meam
893 4028 1077 4070 transmutare.
1118 4017 1125 4025 ’
