2812 4788
242 351 306 396 112
469 323 647 393 PUBLII
672 320 925 390 TERENTII
952 321 1074 392 AFRI

237 459 329 548 Quin
345 481 416 546 res,
429 453 522 534 etas,
542 479 621 524 usus
635 478 765 548 semper
780 452 902 547 aliquid
920 453 1074 549 adportet
1091 457 1185 545 noui,
1266 489 1304 528 ua
1401 497 1402 512 z

236 562 368 658 Aliquid
380 575 526 644 moneat3
544 574 582 628 ut
599 558 655 628 illa
674 584 747 654 quae
763 573 796 628 te
815 561 899 629 scire
913 560 1046 648 credas,
1067 563 1209 649 nescias,
1400 551 1402 636 l

236 672 369 763 Etyquae
391 667 451 736 tibi
464 667 591 762 putaris
607 665 733 760 prima,
748 667 783 734 in
798 665 1002 760 experiundo
1015 681 1053 736 ut
1064 668 1236 762 repudies:
1294 721 1296 726 ,
1401 687 1402 690 ’

237 774 339 864 Quod
354 797 443 842 nuuc
454 773 535 841 mihi
544 773 654 841 evenit
666 794 673 835 :
687 795 765 840 uam
777 795 840 866 ego
851 773 953 841 vitam
970 771 1109 862 duram,
1124 799 1223 868 quam
1235 777 1303 845 vixi

394 902 499 973 usque
518 877 642 964 adhuc,

237 988 344 1082 Prope
357 983 497 1054 decurso
511 985 617 1079 spatio
632 983 767 1052 omitto:
782 981 817 1051 id
827 983 1065 1077 quamobrem?
1080 1010 1117 1054 re
1136 986 1204 1080 ipsa
1224 1011 1301 1082 rep·

394 1091 483 1186 peri,

233 1194 400 1266 Facilitate
413 1193 495 1265 nihil
509 1220 580 1264 esse
592 1195 719 1264 homini
730 1193 865 1282 melius,
881 1219 988 1289 neque
1005 1193 1189 1282 clementia.
1259 1223 1298 1262 sss

235 1302 276 1371 ld
298 1326 368 1372 esse
385 1326 517 1386 verum,
532 1325 573 1370 ex
594 1314 760 1394 meatque
778 1324 819 1369 ex
833 1299 935 1370 fratre
950 1300 1054 1370 cuivis
1071 1300 1166 1371 facile
1180 1305 1221 1373 ’st
1235 1329 1298 1372 no-

391 1431 491 1478 scere.

234 1511 294 1582 llle
312 1537 405 1582 suam
420 1537 550 1606 semper
562 1512 630 1606 egit
650 1513 752 1580 vitam
770 1511 804 1578 in
822 1512 909 1598 otio,
926 1514 960 1580 in
978 1513 1153 1599 conviviis,

234 1617 405 1703 Clemens,
426 1617 594 1714 placidus,
616 1616 699 1686 nulli
718 1615 836 1686 laedere
850 1642 903 1702 os,
918 1617 1068 1687 adridere
1079 1619 1255 1706 omnibus,

234 1725 303 1794 Sibi
316 1727 416 1810 vixit,
437 1724 499 1794 sibi
516 1738 685 1817 sumptum
697 1722 791 1809 fecit,
810 1747 924 1792 omnes
938 1723 1152 1811 benedicunt,
1170 1741 1295 1794 amant.

233 1827 1298 1925 Egoilleagrestis,saevus,tristis,parcus,truculentus,tenax,

231 1929 322 2004 Duxi
339 1961 476 2004 uxorem
492 1960 500 2001 τ
514 1960 614 2028 quam
627 1936 672 2004 ibi
685 1936 850 2003 miseriam
869 1931 955 2004 vidi!
975 1933 1136 2021 natifilii,
1258 1961 1295 2014 ⁸71

232 2040 304 2111 Alia
322 2063 422 2112 cura:
442 2041 517 2109 heia
542 2055 668 2129 autem,
687 2040 767 2109 dum
792 2041 908 2111 studeo
929 2040 991 2111 illis
1013 2055 1051 2110 ut
1071 2064 1171 2134 quam
1188 2038 1295 2134 pluri-

388 2171 481 2214 mum

148 2310 150 2318 .
229 2253 403 2339 Facerem,
417 2251 559 2338 contrivi
571 2253 604 2318 in
616 2250 793 2344 quaerendo
807 2255 908 2322 vitam
920 2267 1020 2347 atque
1034 2266 1162 2321 aetatem
1175 2275 1293 2322 meam.

262 2443 456 2506 Μαριάντα,
471 2458 561 2492 rerum
574 2439 735 2492 occasiones.
816 2440 876 2508 869.
894 2442 943 2490 sibi
965 2443 1049 2504 vixit,
1069 2443 1114 2492 sibi
1136 2455 1225 2508 sumpt.
1238 2442 1294 2507 fec.

263 2521 323 2574 862.
337 2525 369 2570 Ut
382 2523 464 2587 repud.
479 2519 561 2572 Abest
574 2533 626 2571 uta
639 2518 736 2572 multis.
781 2516 851 2581 Quia
866 2538 916 2574 nec
931 2538 1041 2576 uxorem
1056 2519 1149 2585 habet,
1163 2539 1213 2574 nec
1231 2521 1294 2572 libe
1400 2551 1401 2580 ;

227 2597 659 2670 —Primu,primolocoponeude,
668 2598 735 2669 opti·
780 2615 832 2650 ros.
846 2629 877 2638 —
892 2605 979 2653 ornnes
992 2603 1079 2651 bened.
1098 2613 1190 2651 amant.
1210 2602 1294 2653 Juxta
1400 2583 1401 2608 ¹

228 2697 281 2745 ma,
290 2690 352 2731 ante
364 2677 416 2730 alia
427 2677 559 2750 eligenda.
778 2677 847 2732 illud
856 2681 883 2732 iu
895 2678 1013 2745 Andria,
1026 2697 1098 2736 reus.
1112 2680 1145 2732 68
1162 2699 1169 2730 =
1185 2704 1196 2724 ι
1208 2677 1292 2731 Obse-

262 2758 322 2820 864.
335 2761 453 2808 Decurre.
464 2757 522 2808 Lib.
532 2757 615 2829 antiq.
621 2759 677 2827 jain
690 2777 735 2808 ex·
779 2760 873 2830 quium
885 2759 983 2812 amicos
995 2758 1076 2828 parit.
1085 2785 1097 2804 a

226 2854 307 2886 curso.
320 2863 352 2872 —
365 2841 442 2900 Prope
455 2838 575 2897 decurso,
593 2855 669 2905 paene
679 2838 734 2907 jam
814 2840 874 2907 870.
893 2843 945 2906 Ego
963 2840 1012 2890 ille.
1026 2838 1097 2890 Beue
1115 2833 1220 2888 addidit
1233 2838 1292 2900 ille,
1399 2877 1400 2890 .

227 2913 348 2964 coniecto
361 2911 421 2964 vitae
439 2929 527 2964 cursu.
539 2916 682 2976 -Omitto,
693 2933 733 2966 re·
777 2917 851 2986 quasi
859 2919 914 2988 jam
928 2928 1018 2979 notus,
1031 2917 1084 2970 hoc
1097 2916 1155 2988 ipso
1165 2912 1238 2986 quod
1254 2916 1295 2966 se·

224 2989 346 3060 linquere
359 2989 494 3041 constitui.
776 3012 822 3046 rus
831 3006 885 3060 est,
898 3006 924 3048 et
935 2995 1052 3066 agrestis.
1062 3021 1093 3030 -
1101 3001 1182 3047 Savus
1196 2991 1292 3056 factis,

216 3128 222 3147 Ι
261 3068 320 3122 865.
331 3070 406 3118 Facil.
420 3072 491 3120 clem.
504 3068 577 3121 Inter
580 3069 731 3136 facilitatem
775 3075 849 3125 tristis
866 3074 971 3139 animo,
990 3078 1138 3126 tmeuleutus
1154 3073 1239 3127 vultu.
1254 3102 1292 3112 -

225 3158 252 3200 et
265 3149 417 3198 clementiam
438 3145 490 3199 hoc
506 3146 627 3200 interest:
643 3150 733 3217 facilis
781 3156 878 3215 Tenue,
890 3169 995 3204 avarus.

224 3226 295 3280 euim
308 3228 384 3297 cujus
405 3226 445 3278 ira
463 3225 516 3278 cito
535 3226 664 3290 solvitur,
682 3232 732 3280 ele·
812 3234 873 3300 871.
883 3233 926 3289 lbi,
939 3231 968 3282 in
975 3231 1154 3284 matrimonio.
1166 3257 1197 3268 -
1208 3236 1292 3298 Quam

224 3325 307 3364 mens,
318 3304 365 3375 qui
374 3323 429 3356 nou
441 3303 645 3359 irasciturum.
776 3311 898 3362 miseriam
918 3313 974 3362 vidi
982 3318 993 3361 .'
1016 3310 1141 3363 Meuand.
1162 3309 1195 3364 Τὸ
1206 3315 1293 3382 γνναῖ-

167 3445 169 3450 Ι
261 3383 321 3452 867.
335 3387 382 3434 1110
390 3401 460 3434 suam
473 3402 548 3451 semp.
556 3387 673 3452 egiaetc.
682 3385 733 3440 Hic
775 3385 959 3459 „aspremont
973 3411 1001 3444 re
1016 3387 1125 3456 auidos,
1139 3395 1291 3462 Παρμένων,

221 3463 277 3534 jum
311 3461 387 3532 quasi
418 3463 594 3532 comparativa
619 3464 732 3536 qualitas
774 3473 896 3541 Recipe,
922 3471 1039 3542 μιρὶμνας
1067 3478 1102 3541 τῷ
1125 3472 1171 3542 βίῳ
1194 3475 1293 3538 πολλὰς

207 3537 357 3593 inducitur
374 3538 408 3592 de
430 3551 543 3611 utroque
558 3560 565 3592 ε
587 3553 612 3595 et
635 3555 665 3610 ut
686 3545 732 3598 ille
775 3552 850 3621 pipat.
861 3580 901 3590 -
916 3552 957 3603 Dc
971 3551 1020 3603 hac
1032 3551 1143 3604 materia
1154 3549 1209 3603 vid.
1220 3555 1294 3622 quid

223 3619 299 3670 initio
313 3619 409 3671 fabulae
427 3617 572 3672 collocutus
585 3634 636 3689 est,
650 3622 688 3676 sic
701 3623 731 3678 in
775 3627 989 3682 adnotaverimus
1009 3629 1067 3680 init.
1083 3627 1227 3694 Adelphor.
1247 3651 1292 3686 vs.

222 3699 276 3752 fine
286 3699 331 3752 hic
343 3698 466 3772 loquitur.
476 3705 570 3752 Donat.
586 3731 617 3740 -
631 3708 661 3754 In
672 3707 729 3756 otio.
775 3708 822 3773 43,
835 3707 863 3759 in
875 3719 932 3761 not.
942 3707 1065 3778 Huj.vol.
1078 3725 1137 3778 pag.
1150 3715 1191 3773 14.

223 3779 373 3849 Oppouitur
381 3779 426 3832 hic
435 3781 509 3830 otium
519 3779 605 3833 labori
614 3800 662 3834 seu
670 3802 730 3854 ope·
809 3789 869 3856 872.
878 3789 950 3838 fleta.
966 3787 998 3838 In
1011 3798 1064 3839 ant.
1072 3805 1148 3855 porro
1158 3805 1208 3856 pro
1219 3791 1291 3844 leia.

222 3855 246 3907 ri
258 3859 374 3923 rustico,
386 3859 430 3911 cui
442 3859 542 3912 Demea
551 3873 590 3914 est
599 3857 728 3916 addictus.
808 3867 868 3936 873.
882 3871 1006 3927 Facerem,
1019 3881 1214 3938 compararem,
1224 3886 1289 3920 cor-

257 3934 317 3988 868.
328 3941 453 4000 Placidus,
465 3957 497 3992 ex
509 3956 602 4012 oppos.
605 3942 729 4010 sems.-
772 3943 903 3998 roderem.
925 3969 956 3980 -·
975 3948 1090 4011 Contrivi,
1108 3945 1203 3998 misere
1214 3965 1286 3999 con-

87 4094 93 4104 .
115 4047 117 4050 -
220 4017 253 4066 Ν.
263 4017 279 4065 Ι.
290 4033 328 4080 os,
342 4015 475 4070 neminem
485 4036 574 4073 coram
583 4018 727 4075 offendere.
772 4023 880 4094 sumpsi.
897 4054 931 4064 -
945 4030 976 4074 In
990 4028 1132 4092 querendo.
1149 4023 1189 4076 Cf.
1203 4025 1269 4094 817.
