2834 4788
352 414 572 482 innuen.
604 414 709 482 aer.
740 416 774 498 r,
802 414 872 480 sc.
902 415 954 480 11.
1036 385 1039 393 “
1141 441 1182 483 21

121 544 248 612 Tenere
269 568 303 610 se
325 541 435 612 ullam.
455 546 542 612 Nem
565 543 633 630 illa,
655 569 728 638 quae
748 545 888 613 antehac
911 546 1109 629 factasunt,

122 651 270 736 Omitt03
287 649 388 718 modo
406 649 484 743 quid
504 648 710 743 designavit?
728 653 789 718 Mt.
813 651 982 738 Quidnam
1004 652 1035 720 id
1055 653 1123 722 est?

121 759 186 824 Dr..
205 759 306 824 Fores
326 755 474 849 effregit,
493 771 592 849 atque
610 757 643 822 in
663 755 748 824 aedes
766 758 862 824 irruit

121 861 271 946 Alienas3
293 863 401 954 ipsum
422 862 592 930 domiuum
611 876 710 954 atque
733 887 866 930 omnem
890 863 1047 948 familiam
1165 901 1191 938 ρο

122 966 284 1037 Mulcavit
303 967 466 1061 usquead
486 983 645 1054 mortem3
667 970 787 1061 eripuit
805 968 996 1051 mulierem,

122 1075 234 1163 Quam
257 1073 398 1142 amabat.
417 1072 571 1142 Clamant
590 1099 721 1159 omnes,
736 1075 960 1168 indignissime

120 1183 260 1248 Factum
283 1203 363 1248 esse.
384 1183 459 1248 Hoc
480 1179 667 1248 advenienti
688 1195 770 1274 quot
788 1182 888 1263 mihi,
904 1182 1027 1268 Micio,

122 1281 259 1353 Dixere!
283 1289 326 1353 In
343 1311 401 1354 ore
421 1289 461 1354 ’st
481 1287 572 1353 omni
590 1286 723 1380 populo.
745 1288 899 1380 Denique

121 1393 158 1459 Si
178 1390 417 1460 conferendum
438 1391 626 1486 exemplum
646 1409 713 1476 est,
735 1418 801 1460 non
826 1393 960 1460 fratrem
983 1393 1073 1460 videt
1166 1419 1193 1467 9⁵

164 1603 633 1672 87.Neclegemputattenereseulhim.
678 1621 729 1672 gna
750 1601 848 1655 invidia
869 1602 946 1656 caedis
962 1615 988 1654 et
1005 1589 1096 1654 mortis
1115 1621 1189 1655 men·

123 1681 252 1734 Similiter
259 1682 351 1734 Horat.
360 1680 393 1733 de
401 1683 512 1744 Achille,
520 1683 552 1734 A.
561 1683 634 1734 Poet.
680 1683 762 1740 tione,
771 1701 829 1753 quae
838 1695 924 1734 tamen
934 1681 1001 1732 nulli
1008 1680 1114 1732 accidit.
1122 1682 1189 1735 Dori.

123 1761 208 1812 «Jura
227 1773 304 1831 neget
319 1761 370 1812 sibi
388 1773 457 1812 neta.
472 1786 483 1805 ι
511 1792 551 1800 -
573 1762 636 1829 (luoe
679 1791 719 1800 -
739 1763 840 1830 Eripuit
859 1762 977 1812 mulierem
994 1781 1064 1832 quam
1084 1762 1189 1815 amabat.

123 1840 225 1891 antehac
233 1841 306 1906 sacta
320 1859 376 1892 sum
393 1841 504 1902 Omitto;
517 1841 536 1892 i.
548 1859 571 1893 e.
586 1840 635 1892 alia
679 1840 775 1891 Omnia
785 1859 881 1910 magno
893 1841 981 1892 colore
993 1853 1020 1891 et
1030 1842 1189 1900 accusatorie

123 1921 179 1988 ejus
189 1919 296 1989 flagitia.
679 1917 829 1982 dictasunt,
839 1933 864 1971 et
874 1939 906 1972 ex
920 1920 972 1971 hoc
984 1919 1105 1984 maxime,
1116 1918 1189 1989 quod

166 2001 212 2052 88·
226 1999 328 2051 Omitto.
343 1998 431 2050 Guelf·
445 1999 635 2062 3‚dimitto.-
678 1999 801 2050 lenonem
814 2011 840 2049 ct
856 1999 1018 2051 meretricem
1033 2019 1089 2052 non
1102 1997 1185 2064 dixit,

123 2078 277 2147 Designaait.
308 2079 390 2148 Eugr.
413 2077 563 2146 dissignarit.
678 2091 816 2130 contentus
828 2077 889 2128 fecti
903 2079 1054 2138 atrocitate.
1066 2097 1191 2148 persona·

124 2157 201 2209 Modo
213 2157 273 2229 quid
285 2151 438 2226 designarit?
453 2158 563 2227 Nuper,
577 2176 635 2228 quae
678 2175 791 2228 rumque
806 2157 933 2209 vilitatem
951 2158 1071 2210 reticens.
1088 2159 1122 2210 Et
1142 2163 1188 2209 eri-

124 2235 238 2290 uefanda
258 2237 287 2288 in
302 2255 347 2288 ore
365 2237 486 2288 omnium
505 2250 531 2288 et
552 2237 635 2289 oculis
675 2240 740 2305 ptuit,
760 2255 815 2288 non
826 2237 934 2288 abduxit.
948 2235 1137 2289 Idem-Haec
1151 2252 1190 2290 est

123 2311 633 2387 patmvit,quasisublatosignodEodem
677 2317 779 2387 ereptio
806 2316 950 2368 meretricis
978 2335 1056 2386 quam
1090 2316 1189 2370 indicat

123 2413 201 2447 sensu
221 2394 313 2447 Horat.
335 2394 431 2460 «Quid
450 2415 508 2447 nou
522 2396 635 2448 ebrietas
679 2395 774 2448 Noster
788 2397 816 2447 in
830 2396 952 2465 prologo,
965 2397 1010 2448 ubi
1025 2395 1093 2448 ride.

124 2469 257 2544 designa?
266 2499 279 2520 ι
719 2476 764 2543 93.
774 2476 875 2526 Factum
886 2495 942 2526 esse.
959 2475 1014 2525 Hoc
1027 2477 1082 2526 adr.
1095 2477 1127 2526 In
1138 2475 1188 2528 Me,

164 2556 213 2622 89.
228 2553 304 2604 Fores
317 2555 428 2623 effregit,
443 2567 514 2624 atque
530 2558 555 2604 iu
572 2555 634 2605 cedes
678 2553 750 2624 Lips.
764 2567 790 2606 et
806 2553 855 2608 Ed.
869 2556 949 2624 prim.
959 2555 1071 2624 junctim
1083 2555 1188 2624 legitur,

125 2637 196 2684 irruit
207 2634 319 2686 Alienus.
329 2641 391 2686 Haec
406 2633 505 2702 singula
518 2632 636 2694 conside·
672 2635 768 2698 factum
788 2654 836 2686 asse
859 2633 910 2682 lucc.
928 2633 1017 2685 Guell.
1034 2653 1066 2696 a,
1083 2652 1188 2702 quoque

124 2711 209 2764 reuda
223 2725 291 2764 sunt.
307 2714 341 2766 Et
355 2714 423 2766 bene
441 2711 506 2764 dicit
524 2713 632 2773 alienas,
678 2713 771 2780 pungit
788 2712 920 2782 posthoc,
936 2730 990 2762 non
1005 2723 1065 2781 post
1080 2732 1136 2760 esse.
1155 2713 1190 2764 Et

125 2791 188 2862 quia
209 2791 230 2844 ai
251 2793 341 2844 lenonis
358 2791 476 2853 diceret,
497 2809 575 2862 parva
595 2809 635 2842 res
679 2791 715 2840 sic
731 2792 775 2841 Br.
792 2791 839 2860 qui
860 2787 906 2840 dut
926 2789 991 2861 quod
1006 2809 1056 2860 pro
1070 2803 1136 2860 quot.
1149 2820 1190 2829 --

126 2869 269 2923 videretur.
282 2872 349 2922 Don.
679 2869 743 2920 Hoc.
755 2870 832 2921 Istam
845 2888 911 2921 rem.
926 2870 1027 2921 Volunt
1040 2870 1120 2938 aliqui
1134 2888 1189 2922 esse

166 2968 211 3017 9⁰·
228 2950 330 3002 Omnem
342 2950 425 3016 famil.
447 2949 556 3000 Omittit
573 2949 634 3020 Bip.
678 2947 834 3002 adverbium
849 2949 915 3010 loci,
930 2968 980 3020 pro
997 2950 1050 3002 lice.
1070 2949 1189 3002 Firmaut
1215 3011 1217 3020 γ

123 3049 214 3082 omnem
230 3029 298 3081 forte
312 3047 362 3100 per
375 3029 581 3098 incogitantiam.
595 3059 635 3072 -
678 3019 1069 3081 auctoritateServiiinversum
1079 3029 1186 3090 tasslib.

124 3110 221 3178 Ipsum,
235 3108 363 3160 dominum.
378 3109 478 3161 Iterum
496 3125 635 3179 suppressa
679 3107 747 3160 VIII
778 3105 921 3160 AEneidos:
943 3107 1017 3158 «Hoc
1031 3120 1095 3160 tunc
1115 3108 1187 3178 igni·

124 3188 636 3258 estinlamispersoua.Don.-Atqueom·
678 3200 774 3255 potens
794 3187 858 3239 caelo
879 3183 1015 3238 descendit
1032 3182 1070 3236 'ab
1093 3187 1161 3252 alto;
1173 3213 1184 3232 ι
1253 3194 1256 3204 “

125 3268 307 3334 uemsamiliam.
315 3270 366 3318 Aut
367 3268 491 3334 familiam
498 3287 547 3338 pro
554 3267 635 3320 servia
679 3285 732 3335 quo
745 3268 772 3318 in
788 3284 864 3317 versu
882 3266 926 3316 lroo
943 3284 993 3334 pro
1007 3266 1052 3316 lruc
1068 3268 1187 3334 ponitur.

125 3346 228 3399 lenonis
238 3345 318 3410 dicit,
328 3360 373 3399 aut
383 3365 434 3416 pro
446 3347 634 3399 meretricibus.
679 3346 734 3399 Jur.
747 3377 785 3386 -
802 3345 945 3397 Advenienti
957 3362 972 3396 e
984 3363 1055 3395 rure.

126 3426 200 3479 Idem.
720 3431 766 3492 94.
793 3425 897 3476 Diaei-e!
920 3425 1087 3493 Interrogant
1111 3424 1186 3477 Bent.

166 3521 213 3574 912
221 3505 349 3558 Mulcavit.
359 3503 401 3556 Sic
410 3504 456 3555 lib.
469 3523 542 3557 omu.
555 3506 634 3575 antiq.
680 3505 708 3554 Z.
725 3505 784 3574 Bip.
799 3537 836 3544 -
852 3503 926 3554 Omni
931 3503 1029 3572 populo.
1045 3500 1120 3554 Bodl.
1133 3523 1188 3555 non

126 3585 157 3636 In
171 3587 202 3638 C.
216 3585 251 3638 G.
267 3603 303 3636 m.
319 3596 345 3636 et
363 3584 422 3636 Hal.
436 3584 534 3634 multat.
547 3583 593 3636 sed
605 3585 635 3635 P.
681 3584 797 3652 agnoscit
809 3585 836 3635 τὸ
848 3586 919 3634 omni.
932 3613 970 3624 -
982 3583 1012 3632 Iu
1025 3601 1065 3632 ore
1078 3593 1113 3632 est
1125 3589 1190 3634 omni

127 3664 263 3716 Victorius
275 3674 376 3727 censet,
390 3662 437 3714 ubi
451 3663 581 3724 mulctare,
592 3675 638 3715 aut
678 3663 776 3730 populo.
790 3661 883 3714 Factus
895 3672 934 3713 est
947 3661 1027 3713 totiua
1042 3661 1188 3732 populita-

129 3745 227 3795 mulrare
245 3744 275 3794 in
294 3743 343 3794 hac
358 3743 549 3811 significatione
568 3743 636 3812 lega·
681 3741 743 3792 bula
756 3755 782 3794 et
796 3737 1148 3811 querela.'1udemsalluu.«
1160 3742 1189 3792 Iu.

129 3835 186 3886 tur,
206 3836 272 3875 tunc
289 3820 434 3891 legendum
450 3840 505 3874 esse
524 3825 635 3874 mrdcare.
681 3842 721 3870 ore
741 3820 849 3890 gentibru
865 3839 943 3890 agens
954 3819 1101 3889 ‚,populo,
1122 3820 1187 3874 civi-

130 3901 192 3953 Vid.
199 3901 316 3955 Taubm.
326 3899 359 3954 ad
369 3902 452 3954 Pleut.
463 3901 577 3954 Mostell.
587 3903 637 3966 tv,
681 3901 735 3954 tati.
748 3927 758 3947 ι

132 3999 170 4043 ιι,
182 3981 480 4034 naret-Mulcavit.
492 3982 636 4046 Lacerant,
722 3979 768 4048 95.
789 3979 846 4032 Non
858 3981 960 4044 fiunem
982 3979 1058 4028 rudet·
1082 3979 1145 4031 ntis.
1165 3992 1190 4030 rt

132 4061 271 4114 mutilavit.
279 4094 323 4132 ,-
331 4061 409 4131 Usque
420 4061 454 4112 ad
463 4075 568 4114 mortem.
580 4063 636 4114 Ma·
681 4059 745 4112 editi
762 4057 868 4132 quidam
880 4059 975 4115 ‚veruui
984 4071 1087 4128 patrem·
1099 4059 1193 4119 West,

991 4152 1100 4232 23'
