2812 4788
272 427 276 450 .
352 377 575 444 annueri
601 377 708 444 teu.
735 380 778 464 v,
804 380 872 446 so.
900 380 962 445 lx.
1121 401 1184 448 tn!

122 511 209 578 Mic.
234 507 326 596 Quid
356 505 454 576 istic?
476 506 625 594 dabitur,
643 506 912 602 quandoquidem
932 509 988 578 hic
1012 507 1095 580 vult.
1119 511 1187 582 AEs.

137 689 141 696 .
280 615 331 682 Mi
344 627 448 708 pater.
475 679 478 686 ,
564 673 566 678 .
895 613 898 618 ’
1146 639 1189 690 ,ss

118 721 189 788 Du.
210 720 311 790 Nunc
336 733 373 787 tu
396 719 479 790 mihi
501 743 536 788 es
569 743 747 814 germanus
768 719 893 815 pariter
912 722 1023 796 animo
1048 745 1092 798 ac·
1109 745 1185 794 cor·

283 827 479 918 pore'Mtc.
504 825 653 896 Gaudeo.

119 932 189 999 Du.
207 933 277 1000 Suo
289 930 351 1000 sibi
363 929 453 1000 hunc
470 928 579 1025 gladio
594 931 722 1027 jugulo.

423 1083 635 1174 senua
673 1083 882 1197 nont.

255 1255 409 1324 SYRUS.
436 1257 609 1324 DEMEA.
637 1255 1053 1378 MICIO.AESCH1N.US.

103 1419 205 1518 ‚Suu
218 1421 364 1502 ,Factum
386 1435 438 1490 est
459 1421 549 1516 quod
567 1422 710 1516 jussisti,
731 1423 869 1491 Demea.

116 1529 197 1596 an
207 1527 310 1621 Frugi
330 1527 433 1596 homo
456 1551 507 1615 es,
523 1552 586 1622 ego
610 1526 737 1623 aedepol
760 1527 860 1596 hodie
876 1550 950 1596 mee
964 1525 1098 1620 quidem
1112 1551 1187 1595 sen-

115 1737 237 1808 ludico
249 1647 459 1833 Sdididafieri
474 1763 543 1808 esse
557 1763 688 1834 aequum
708 1689 860 1808 liberdm.
878 1739 962 1807 Mic.
981 1739 1094 1806 Istunc
1105 1734 1186 1806 libe-

118 1844 523 2040 Quodnadudlactum?
536 1953 603 2020 Dr..
616 1949 735 2020 Multa.
752 1951 833 2020 Sua.
859 1951 892 2019 Ο
909 1963 1023 2018 noster
1039 1864 1187 2034 Demed:

278 2056 405 2151 aedepol
420 2059 472 2124 vir
491 2057 600 2126 honus
622 2082 666 2126 es.
720 2087 723 2092 ·

117 2201 332 2275 prodigalitatem
348 2203 460 2274 pariter,
482 2201 528 2257 sed
546 2203 628 2257 elra·
667 2201 855 2265 olimfnturns,
863 2220 931 2273 aegre
938 2200 965 2254 id
974 2201 1181 2274 ferrepotuieset.

118 2281 202 2334 ternis
213 2281 299 2335 bonis.
311 2284 435 2336 Attamen
452 2293 583 2354 proponet
596 2281 629 2334 li·
707 2285 768 2350 961.
788 2284 879 2333 Animo
898 2301 929 2331 ac
949 2301 1056 2350 corpore.
1076 2281 1119 2334 sie
1133 2297 1183 2332 nos

118 2360 265 2414 herandum
286 2379 336 2416 sere
350 2379 398 2416 suo
412 2380 515 2415 servam
528 2379 629 2429 unam,
670 2359 837 2433 postPerlet.
850 2379 883 2414 ex
895 2359 1072 2432 Bentlvulg.
1085 2379 1184 2429 corpore

118 2459 137 2489 a
149 2459 189 2492 me
201 2453 341 2508 argentum,
355 2443 444 2508 quanti
458 2455 509 2503 est,
526 2445 629 2508 sumito,
674 2441 805 2494 unanimo.

118 2519 180 2571 infr.
197 2538 234 2572 vs.
248 2520 307 2588 982.
323 2517 376 2580 Sed
390 2522 446 2591 jam
463 2532 539 2574 antea
556 2539 629 2572 eom·
712 2520 772 2586 962.
793 2521 842 2567 Suo
857 2517 911 2567 sili.
928 2515 1007 2572 Abest
1026 2519 1072 2568 sibi
1085 2517 1119 2568 ab
1130 2535 1185 2569 uno

119 2609 225 2670 pertum
242 2593 322 2650 habet
340 2616 395 2656 non
413 2611 551 2668 acceptum
571 2598 628 2652 lore
676 2593 1185 2664 codd.Pell.-Suusibiluncgladjug.

118 2677 285 2748 propositum
305 2675 382 2728 illud.
405 2676 453 2728 Est
470 2675 537 2728 illud
555 2675 629 2748 quod
677 2672 837 2744 Conjunctio
855 2673 1044 2742 pronominum
1066 2673 1144 2734 talis,
1160 2685 1186 2726 et

118 2753 273 2826 responderi
291 2755 374 2825 possit
387 2754 541 2807 Terentium
555 2754 629 2808 incu-
677 2749 854 2804 accumulatio
884 2750 993 2802 comicis
1020 2751 1184 2821 frequentior

119 2833 255 2900 sentibus,
279 2845 305 2886 et
324 2833 546 2886 contendentibus
567 2851 629 2905 pec·
677 2827 1068 2882 ese—Proverbialiterautem
1081 2829 1137 2883 haec
1149 2831 1186 2884 lo·

118 2929 299 2988 carepoetam
311 2917 438 2970 adversus
451 2915 628 2968 Horatiannm
676 2908 747 2961 cutio
767 2905 865 2960 dieitur
886 2907 914 2960 in
935 2909 1027 2976 illum,
1045 2909 1091 2982 qui
1109 2907 1185 2963 dictis

118 3008 296 3067 praeceptum¹
305 3000 459 3056 Serveturnd
465 2998 538 3046 imum
548 2997 629 3063 quatis
675 2988 729 3040 suis
743 2987 823 3060 ipsius
833 2986 987 3042 revincitur.

119 3079 151 3128 ab
166 3078 270 3147 incoeptu
284 3077 444 3144 processerim
458 3092 627 3146 nequaquem
710 3069 771 3135 963.
789 3069 892 3119 Iussisti.
910 3067 979 3132 dlii,
993 3071 1063 3137 justi.
1076 3101 1108 3118 -·.
1118 3073 1185 3120 Face.

119 3165 237 3207 mutatur
259 3160 365 3224 Demea
390 3153 503 3207 indoles.
536 3154 628 3220 Quum
676 3148 861 3214 estquodjuss.
877 3149 948 3198 Dsm.
963 3147 985 3198 1.
999 3165 1024 3198 e.
1044 3145 1132 3199 diruta
1145 3160 1185 3202 est

120 3233 192 3305 enim
212 3233 293 3300 frater
314 3233 473 3304 interrogat,
494 3251 531 3286 vs.
551 3250 626 3301 990:
675 3225 797 3278 maceria.
1088 3227 1089 3234 ’

119 3338 133 3358 α
146 3311 226 3379 Quod
241 3312 413 3384 prolubium?
426 3331 484 3383 qun
497 3313 568 3372 istaec
583 3331 628 3364 su·
708 3308 769 3373 964·
783 3309 846 3372 138⁰·
858 3302 889 3354 C·
900 3299 933 3353 G·
945 3319 983 3353 ¹1¹·
994 3320 1059 3370 elev·
1070 3327 1100 3338 ··
1110 3307 1185 3374 Fmgt'

118 3389 363 3462 biluestlargitas,»
372 3403 444 3462 patet
453 3402 516 3444 tuno
527 3389 630 3462 liquido
678 3405 714 3436 es.
729 3383 824 3445 Utilis,
836 3392 866 3433 ut
878 3380 974 3451 fruges.
1027 3395 1029 3400 '

119 3489 181 3523 eum
198 3470 226 3522 in
239 3471 433 3532 hancnimiam
447 3470 631 3524 liberalitatem
713 3463 773 3531 965.
786 3458 1185 3530 Ismucliberumr’Interrogatio
1257 3469 1260 3478 ⁴

118 3551 292 3622 processisse,
307 3561 338 3607 ut
354 3547 503 3613 ostenderet
521 3546 631 3601 Micioni
678 3549 748 3612 aegre
762 3539 881 3607 serentis,
895 3551 924 3591 nt
937 3553 995 3610 sup.
1014 3537 1074 3607 938.
1086 3543 1159 3605 944.’

118 3627 629 3702 quamridiculaagendirationeutatur.
714 3622 775 3686 966.
790 3624 877 3672 Multa.
894 3622 950 3672 Ien.
971 3618 1031 3672 eod.
1046 3621 1075 3669 ob
1091 3623 1184 3679 nutrita,-

156 3709 287 3775 960.Dab.
302 3709 469 3773 quandoquid.
483 3708 522 3756 lu'c
532 3725 558 3756 ν.
569 3705 629 3768 alii,
677 3699 756 3766 male.
767 3720 799 3731 ·-
814 3703 897 3748 Bonus
914 3718 948 3750 es.
966 3697 1040 3749 Beni.
1053 3709 1146 3760 notat,
1160 3719 1186 3750 ea

117 3789 219 3839 dubiem
233 3787 349 3852 quidem,
376 3787 478 3852 quaudo
499 3786 545 3836 hic.
566 3785 632 3850 Quid
677 3777 768 3831 abesse
782 3788 872 3831 avett.
885 3777 948 3838 suis,
963 3787 1043 3846 atque
1056 3775 1185 3838 scribend.

117 3865 336 3930 isdcthorsum
347 3875 378 3916 tu
390 3874 444 3916 tam
459 3863 539 3933 longe
552 3859 630 3914 disse·
677 3876 732 3912 esse
746 3858 843 3922 bonu’s,
854 3854 926 3928 quod
936 3873 1001 3907 sono
1015 3853 1078 3906 olim
1093 3852 1186 3908 difler-

117 3943 333 4002 risl--Dabitur‚
346 3941 443 4014 agellus
453 3941 629 3994 suburbanus.
677 3949 746 3989 reta
765 3935 880 4007 simplici
899 3937 980 3983 bonus.
1002 3931 1088 3984 Etiam
1105 3935 1135 3988 C.
1151 3935 1184 3990 G.

116 4054 155 4068 ,-
166 4024 223 4086 Hic,
235 4020 392 4089 AEschinus3
403 4021 449 4092 qui
462 4020 536 4092 quasi
546 4021 630 4072 h‘aeres
678 4035 713 4068 m.
727 4034 781 4069 non
795 4014 856 4066 hab.
872 4033 898 4064 ss
908 4012 936 4064 in
949 4023 1036 4075 textu,
1046 4012 1091 4066 sed
1106 4032 1186 4088 supra
