<?xml version="1.0" encoding="UTF-8"?>
<!DOCTYPE html PUBLIC "-//W3C//DTD XHTML 1.0 Transitional//EN"
    "http://www.w3.org/TR/xhtml1/DTD/xhtml1-transitional.dtd">
<html xmlns="http://www.w3.org/1999/xhtml" xml:lang="en" lang="en">
 <head>
  <title>
</title>
<meta http-equiv="Content-Type" content="text/html;charset=utf-8" />
  <meta name='ocr-system' content='tesseract 3.04.00' />
  <meta name='ocr-capabilities' content='ocr_page ocr_carea ocr_par ocr_line ocrx_word'/>
</head>
<body>
  <div class='ocr_page' id='page_1' title='image "./publiiterentiia01lemagoog/publiiterentiia01lemagoog_0221.png"; bbox 0 0 2824 4778; ppageno 0'>
   <div class='ocr_carea' id='block_1_1' title="bbox 246 374 1071 460">
    <p class='ocr_par' dir='ltr' id='par_1_1' title="bbox 246 374 1071 460">
     <span class='ocr_line' id='line_1_1' title="bbox 246 374 1071 460; baseline -0.005 -14"><span class='ocrx_word' id='word_1_1' title='bbox 246 379 316 460; x_wconf 72' lang='lat' dir='ltr'>nid</span> <span class='ocrx_word' id='word_1_2' title='bbox 478 377 652 446; x_wconf 89' lang='lat' dir='ltr'>PUBLII</span> <span class='ocrx_word' id='word_1_3' title='bbox 676 377 925 446; x_wconf 83' lang='lat' dir='ltr'><strong>TERENTII</strong></span> <span class='ocrx_word' id='word_1_4' title='bbox 949 374 1071 442; x_wconf 81' lang='lat' dir='ltr'><strong>AFRI</strong></span> 
     </span>
    </p>
   </div>
   <div class='ocr_carea' id='block_1_2' title="bbox 242 507 1395 2062">
    <p class='ocr_par' dir='ltr' id='par_1_2' title="bbox 245 507 1311 702">
     <span class='ocr_line' id='line_1_2' title="bbox 245 507 1310 604; baseline -0.004 -24"><span class='ocrx_word' id='word_1_5' title='bbox 245 515 329 580; x_wconf 79' lang='lat' dir='ltr'>buc.</span> <span class='ocrx_word' id='word_1_6' title='bbox 349 513 376 578; x_wconf 90' lang='lat' dir='ltr'>F</span> <span class='ocrx_word' id='word_1_7' title='bbox 376 511 499 594; x_wconf 80' lang='lat' dir='ltr'>aciem,</span> <span class='ocrx_word' id='word_1_8' title='bbox 515 509 603 604; x_wconf 91' lang='lat' dir='ltr'>quod</span> <span class='ocrx_word' id='word_1_9' title='bbox 620 507 696 604; x_wconf 90' lang='lat' dir='ltr'>pol,</span> <span class='ocrx_word' id='word_1_10' title='bbox 709 511 737 580; x_wconf 86' lang='lat' dir='ltr'>si</span> <span class='ocrx_word' id='word_1_11' title='bbox 750 523 836 579; x_wconf 87' lang='lat' dir='ltr'>esset</span> <span class='ocrx_word' id='word_1_12' title='bbox 852 508 916 578; x_wconf 86' lang='lat' dir='ltr'>alia</span> <span class='ocrx_word' id='word_1_13' title='bbox 929 532 969 576; x_wconf 85' lang='lat' dir='ltr'>ex</span> <span class='ocrx_word' id='word_1_14' title='bbox 983 520 1110 601; x_wconf 83' lang='lat' dir='ltr'>quaestu</span> <span class='ocrx_word' id='word_1_15' title='bbox 1124 507 1204 595; x_wconf 90' lang='lat' dir='ltr'>hoc,</span> <span class='ocrx_word' id='word_1_16' title='bbox 1216 508 1310 577; x_wconf 84' lang='lat' dir='ltr'>haud</span> 
     </span>
     <span class='ocr_line' id='line_1_3' title="bbox 401 615 1311 702; baseline 0.002 -18"><span class='ocrx_word' id='word_1_17' title='bbox 401 615 542 700; x_wconf 86' lang='lat' dir='ltr'>laceret,</span> <span class='ocrx_word' id='word_1_18' title='bbox 561 617 648 702; x_wconf 89' lang='lat' dir='ltr'>scio,</span> <span class='ocrx_word' id='word_1_19' title='bbox 1270 635 1311 686; x_wconf 71' lang='lat'>⁷⁵⁶</span> 
     </span>
    </p>

    <p class='ocr_par' dir='ltr' id='par_1_3' title="bbox 246 718 1092 817">
     <span class='ocr_line' id='line_1_4' title="bbox 246 718 1092 817; baseline -0.005 -26"><span class='ocrx_word' id='word_1_20' title='bbox 246 724 295 791; x_wconf 88' lang='lat' dir='ltr'>Ut</span> <span class='ocrx_word' id='word_1_21' title='bbox 309 721 351 790; x_wconf 88' lang='lat' dir='ltr'>de</span> <span class='ocrx_word' id='word_1_22' title='bbox 368 719 426 790; x_wconf 80' lang='lat' dir='ltr'>tali</span> <span class='ocrx_word' id='word_1_23' title='bbox 448 745 547 790; x_wconf 81' lang='lat' dir='ltr'>causa</span> <span class='ocrx_word' id='word_1_24' title='bbox 566 735 678 817; x_wconf 85' lang='lat' dir='ltr'>nuptae</span> <span class='ocrx_word' id='word_1_25' title='bbox 695 718 824 790; x_wconf 90' lang='lat' dir='ltr'>mulieri</span> <span class='ocrx_word' id='word_1_26' title='bbox 845 746 880 790; x_wconf 88' lang='lat' dir='ltr'>se</span> <span class='ocrx_word' id='word_1_27' title='bbox 895 718 1092 790; x_wconf 79' lang='lat' dir='ltr'><strong>ostenderet.</strong></span> 
     </span>
    </p>

    <p class='ocr_par' dir='ltr' id='par_1_4' title="bbox 242 827 1201 922">
     <span class='ocr_line' id='line_1_5' title="bbox 242 827 1201 922; baseline -0.003 -26"><span class='ocrx_word' id='word_1_28' title='bbox 242 827 308 896; x_wconf 85' lang='lat' dir='ltr'>Sed</span> <span class='ocrx_word' id='word_1_29' title='bbox 326 827 404 896; x_wconf 89' lang='lat' dir='ltr'>nolo</span> <span class='ocrx_word' id='word_1_30' title='bbox 424 851 496 896; x_wconf 87' lang='lat' dir='ltr'>esse</span> <span class='ocrx_word' id='word_1_31' title='bbox 516 827 597 896; x_wconf 87' lang='lat' dir='ltr'>falsa</span> <span class='ocrx_word' id='word_1_32' title='bbox 617 828 705 897; x_wconf 84' lang='lat' dir='ltr'>lama</span> <span class='ocrx_word' id='word_1_33' title='bbox 726 841 862 921; x_wconf 83' lang='lat' dir='ltr'>gnatum</span> <span class='ocrx_word' id='word_1_34' title='bbox 881 840 1070 922; x_wconf 84' lang='lat' dir='ltr'>suspectum</span> <span class='ocrx_word' id='word_1_35' title='bbox 1088 837 1201 910; x_wconf 82' lang='lat' dir='ltr'>tuum,</span> 
     </span>
    </p>

    <p class='ocr_par' dir='ltr' id='par_1_5' title="bbox 244 930 1312 1028">
     <span class='ocr_line' id='line_1_6' title="bbox 244 930 1312 1028; baseline -0.005 -25"><span class='ocrx_word' id='word_1_36' title='bbox 244 935 316 1003; x_wconf 88' lang='lat' dir='ltr'>Nec</span> <span class='ocrx_word' id='word_1_37' title='bbox 334 931 490 1003; x_wconf 88' lang='lat' dir='ltr'>leviorem</span> <span class='ocrx_word' id='word_1_38' title='bbox 504 933 614 1017; x_wconf 82' lang='lat' dir='ltr'>vobis,</span> <span class='ocrx_word' id='word_1_39' title='bbox 636 934 818 1028; x_wconf 84' lang='lat' dir='ltr'>quibusest</span> <span class='ocrx_word' id='word_1_40' title='bbox 832 935 978 1002; x_wconf 81' lang='lat' dir='ltr'>minume</span> <span class='ocrx_word' id='word_1_41' title='bbox 996 956 1144 1025; x_wconf 74' lang='lat' dir='ltr'>aequum,</span> <span class='ocrx_word' id='word_1_42' title='bbox 1165 930 1312 1000; x_wconf 77' lang='lat' dir='ltr'>viderier</span> 
     </span>
    </p>

    <p class='ocr_par' dir='ltr' id='par_1_6' title="bbox 244 1033 1353 1218">
     <span class='ocr_line' id='line_1_7' title="bbox 244 1033 1312 1132; baseline -0.001 -26"><span class='ocrx_word' id='word_1_43' title='bbox 244 1040 435 1108; x_wconf 87' lang='lat' dir='ltr'>Immerito:</span> <span class='ocrx_word' id='word_1_44' title='bbox 463 1064 540 1108; x_wconf 87' lang='lat' dir='ltr'>nam</span> <span class='ocrx_word' id='word_1_45' title='bbox 561 1042 698 1108; x_wconf 84' lang='lat' dir='ltr'>meritus</span> <span class='ocrx_word' id='word_1_46' title='bbox 716 1039 757 1108; x_wconf 91' lang='lat' dir='ltr'>de</span> <span class='ocrx_word' id='word_1_47' title='bbox 775 1064 829 1108; x_wconf 87' lang='lat' dir='ltr'>me</span> <span class='ocrx_word' id='word_1_48' title='bbox 846 1053 912 1127; x_wconf 86' lang='lat' dir='ltr'>est,</span> <span class='ocrx_word' id='word_1_49' title='bbox 934 1037 1024 1132; x_wconf 89' lang='lat' dir='ltr'>quod</span> <span class='ocrx_word' id='word_1_50' title='bbox 1043 1061 1183 1131; x_wconf 84' lang='lat' dir='ltr'>queam,</span> <span class='ocrx_word' id='word_1_51' title='bbox 1209 1033 1258 1104; x_wconf 90' lang='lat' dir='ltr'>illi</span> <span class='ocrx_word' id='word_1_52' title='bbox 1274 1051 1312 1105; x_wconf 87' lang='lat' dir='ltr'>ut</span> 
     </span>
     <span class='ocr_line' id='line_1_8' title="bbox 400 1145 1353 1218; baseline -0.013 -3"><span class='ocrx_word' id='word_1_53' title='bbox 400 1145 618 1218; x_wconf 86' lang='lat' dir='ltr'>commodem.</span> <span class='ocrx_word' id='word_1_54' title='bbox 1273 1152 1312 1204; x_wconf 75' lang='lat'>⁷⁶⁰</span> <span class='ocrx_word' id='word_1_55' title='bbox 1351 1163 1353 1169; x_wconf 54' lang='lat'><strong>⁴</strong></span> 
     </span>
    </p>

    <p class='ocr_par' dir='ltr' id='par_1_7' title="bbox 244 1246 1309 1426">
     <span class='ocr_line' id='line_1_9' title="bbox 244 1246 1309 1346; baseline -0.004 -28"><span class='ocrx_word' id='word_1_56' title='bbox 244 1252 307 1318; x_wconf 74' lang='lat' dir='ltr'>Lu.</span> <span class='ocrx_word' id='word_1_57' title='bbox 327 1250 471 1319; x_wconf 84' lang='lat' dir='ltr'>Facilem</span> <span class='ocrx_word' id='word_1_58' title='bbox 493 1250 756 1344; x_wconf 83' lang='lat' dir='ltr'>benevolumque</span> <span class='ocrx_word' id='word_1_59' title='bbox 780 1249 891 1346; x_wconf 83' lang='lat' dir='ltr'>lingua</span> <span class='ocrx_word' id='word_1_60' title='bbox 918 1263 975 1319; x_wconf 85' lang='lat' dir='ltr'>tua</span> <span class='ocrx_word' id='word_1_61' title='bbox 990 1249 1060 1342; x_wconf 85' lang='lat' dir='ltr'>jam</span> <span class='ocrx_word' id='word_1_62' title='bbox 1079 1247 1141 1317; x_wconf 86' lang='lat' dir='ltr'>tibi</span> <span class='ocrx_word' id='word_1_63' title='bbox 1161 1271 1216 1316; x_wconf 90' lang='lat' dir='ltr'>me</span> <span class='ocrx_word' id='word_1_64' title='bbox 1234 1246 1309 1315; x_wconf 70' lang='lat' dir='ltr'>red-</span> 
     </span>
     <span class='ocr_line' id='line_1_10' title="bbox 402 1355 493 1426; baseline 0 -2"><span class='ocrx_word' id='word_1_65' title='bbox 402 1355 493 1426; x_wconf 85' lang='lat' dir='ltr'>didit.</span> 
     </span>
    </p>

    <p class='ocr_par' dir='ltr' id='par_1_8' title="bbox 244 1459 1312 1638">
     <span class='ocr_line' id='line_1_11' title="bbox 244 1459 1312 1557; baseline -0.004 -25"><span class='ocrx_word' id='word_1_66' title='bbox 244 1463 331 1532; x_wconf 81' lang='lat' dir='ltr'>Nam</span> <span class='ocrx_word' id='word_1_67' title='bbox 355 1487 423 1532; x_wconf 90' lang='lat' dir='ltr'>uon</span> <span class='ocrx_word' id='word_1_68' title='bbox 441 1476 518 1532; x_wconf 75' lang='lat' dir='ltr'>erint</span> <span class='ocrx_word' id='word_1_69' title='bbox 532 1461 609 1534; x_wconf 77' lang='lat' dir='ltr'>eolae</span> <span class='ocrx_word' id='word_1_70' title='bbox 624 1462 792 1531; x_wconf 73' lang='lat' dir='ltr'>arbitrere</span> <span class='ocrx_word' id='word_1_71' title='bbox 810 1462 881 1550; x_wconf 83' lang='lat' dir='ltr'>hae3</span> <span class='ocrx_word' id='word_1_72' title='bbox 905 1485 968 1557; x_wconf 77' lang='lat' dir='ltr'>ogo</span> <span class='ocrx_word' id='word_1_73' title='bbox 980 1484 1114 1554; x_wconf 88' lang='lat' dir='ltr'>quoque</span> <span class='ocrx_word' id='word_1_74' title='bbox 1130 1459 1230 1528; x_wconf 84' lang='lat' dir='ltr'>etiam</span> <span class='ocrx_word' id='word_1_75' title='bbox 1244 1459 1312 1528; x_wconf 88' lang='lat' dir='ltr'>hoo</span> 
     </span>
     <span class='ocr_line' id='line_1_12' title="bbox 401 1567 534 1638; baseline 0.015 -2"><span class='ocrx_word' id='word_1_76' title='bbox 401 1567 534 1638; x_wconf 90' lang='lat' dir='ltr'>credidi.</span> 
     </span>
    </p>

    <p class='ocr_par' dir='ltr' id='par_1_9' title="bbox 244 1671 1310 1774">
     <span class='ocr_line' id='line_1_13' title="bbox 244 1671 1310 1774; baseline -0.002 -34"><span class='ocrx_word' id='word_1_77' title='bbox 244 1673 453 1768; x_wconf 86' lang='lat' dir='ltr'>Nuncquum</span> <span class='ocrx_word' id='word_1_78' title='bbox 463 1699 525 1769; x_wconf 87' lang='lat' dir='ltr'>ego</span> <span class='ocrx_word' id='word_1_79' title='bbox 536 1687 569 1744; x_wconf 89' lang='lat' dir='ltr'>tc</span> <span class='ocrx_word' id='word_1_80' title='bbox 581 1699 651 1744; x_wconf 86' lang='lat' dir='ltr'>csse</span> <span class='ocrx_word' id='word_1_81' title='bbox 660 1688 779 1774; x_wconf 70' lang='lat' dir='ltr'>praeter</span> <span class='ocrx_word' id='word_1_82' title='bbox 788 1688 936 1744; x_wconf 88' lang='lat' dir='ltr'>nostram</span> <span class='ocrx_word' id='word_1_83' title='bbox 948 1672 1137 1768; x_wconf 85' lang='lat' dir='ltr'>opinionem</span> <span class='ocrx_word' id='word_1_84' title='bbox 1145 1671 1310 1764; x_wconf 85' lang='lat' dir='ltr'>comperi,</span> 
     </span>
    </p>

    <p class='ocr_par' dir='ltr' id='par_1_10' title="bbox 243 1774 1307 1874">
     <span class='ocr_line' id='line_1_14' title="bbox 243 1774 1307 1874; baseline -0.003 -27"><span class='ocrx_word' id='word_1_85' title='bbox 243 1781 309 1848; x_wconf 87' lang='lat' dir='ltr'>Fac</span> <span class='ocrx_word' id='word_1_86' title='bbox 327 1779 441 1848; x_wconf 88' lang='lat' dir='ltr'>eadem</span> <span class='ocrx_word' id='word_1_87' title='bbox 462 1795 499 1848; x_wconf 86' lang='lat' dir='ltr'>ut</span> <span class='ocrx_word' id='word_1_88' title='bbox 517 1782 561 1849; x_wconf 87' lang='lat' dir='ltr'>sis</span> <span class='ocrx_word' id='word_1_89' title='bbox 578 1805 702 1874; x_wconf 90' lang='lat' dir='ltr'>porr0;</span> <span class='ocrx_word' id='word_1_90' title='bbox 723 1793 835 1850; x_wconf 85' lang='lat' dir='ltr'>nostra</span> <span class='ocrx_word' id='word_1_91' title='bbox 853 1794 946 1850; x_wconf 85' lang='lat' dir='ltr'>utere</span> <span class='ocrx_word' id='word_1_92' title='bbox 964 1779 1128 1863; x_wconf 86' lang='lat' dir='ltr'>amicitia,</span> <span class='ocrx_word' id='word_1_93' title='bbox 1148 1790 1187 1844; x_wconf 84' lang='lat' dir='ltr'>ut</span> <span class='ocrx_word' id='word_1_94' title='bbox 1205 1774 1307 1844; x_wconf 78' lang='lat' dir='ltr'>voles.</span> 
     </span>
    </p>

    <p class='ocr_par' dir='ltr' id='par_1_11' title="bbox 242 1881 1395 2062">
     <span class='ocr_line' id='line_1_15' title="bbox 242 1881 1311 1982; baseline -0.005 -26"><span class='ocrx_word' id='word_1_95' title='bbox 242 1883 349 1956; x_wconf 72' lang='lat' dir='ltr'>Aliter</span> <span class='ocrx_word' id='word_1_96' title='bbox 362 1886 558 1972; x_wconf 61' lang='lat' dir='ltr'>ollarios...</span> <span class='ocrx_word' id='word_1_97' title='bbox 570 1887 628 1956; x_wconf 92' lang='lat' dir='ltr'>sed</span> <span class='ocrx_word' id='word_1_98' title='bbox 640 1887 817 1982; x_wconf 81' lang='lat' dir='ltr'>reprimam</span> <span class='ocrx_word' id='word_1_99' title='bbox 834 1911 905 1974; x_wconf 84' lang='lat' dir='ltr'>me,</span> <span class='ocrx_word' id='word_1_100' title='bbox 918 1911 961 1955; x_wconf 86' lang='lat' dir='ltr'>ne</span> <span class='ocrx_word' id='word_1_101' title='bbox 975 1909 1062 1980; x_wconf 77' lang='lat' dir='ltr'>aegre</span> <span class='ocrx_word' id='word_1_102' title='bbox 1074 1881 1256 1977; x_wconf 86' lang='lat' dir='ltr'>quidquam</span> <span class='ocrx_word' id='word_1_103' title='bbox 1269 1907 1311 1952; x_wconf 82' lang='lat' dir='ltr'>cx</span> 
     </span>
     <span class='ocr_line' id='line_1_16' title="bbox 402 1991 1395 2062; baseline 0.004 -4"><span class='ocrx_word' id='word_1_104' title='bbox 402 2016 456 2059; x_wconf 91' lang='lat' dir='ltr'>me</span> <span class='ocrx_word' id='word_1_105' title='bbox 472 1991 597 2060; x_wconf 85' lang='lat' dir='ltr'>audias.</span> <span class='ocrx_word' id='word_1_106' title='bbox 1030 2001 1038 2020; x_wconf 78' lang='grc'><em>·</em></span> <span class='ocrx_word' id='word_1_107' title='bbox 1273 2002 1310 2058; x_wconf 83' lang='lat'>7⁶⁵</span> <span class='ocrx_word' id='word_1_108' title='bbox 1394 2053 1395 2062; x_wconf 71' lang='grc'><strong>.</strong></span> 
     </span>
    </p>
   </div>
   <div class='ocr_carea' id='block_1_3' title="bbox 237 2117 1395 2300">
    <p class='ocr_par' dir='ltr' id='par_1_12' title="bbox 237 2117 1395 2300">
     <span class='ocr_line' id='line_1_17' title="bbox 237 2117 1395 2214; baseline -0.005 -16"><span class='ocrx_word' id='word_1_109' title='bbox 237 2147 346 2214; x_wconf 66' lang='lat' dir='ltr'>facem</span> <span class='ocrx_word' id='word_1_110' title='bbox 357 2157 387 2198; x_wconf 83' lang='lat' dir='ltr'>ut</span> <span class='ocrx_word' id='word_1_111' title='bbox 405 2157 431 2198; x_wconf 83' lang='lat' dir='ltr'>et</span> <span class='ocrx_word' id='word_1_112' title='bbox 444 2143 526 2198; x_wconf 76' lang='lat' dir='ltr'>Andr.</span> <span class='ocrx_word' id='word_1_113' title='bbox 541 2165 580 2200; x_wconf 79' lang='lat' dir='ltr'>re.</span> <span class='ocrx_word' id='word_1_114' title='bbox 596 2147 663 2204; x_wconf 78' lang='lat'>188:</span> <span class='ocrx_word' id='word_1_115' title='bbox 678 2175 690 2194; x_wconf 77' lang='lat' dir='ltr'>u</span> <span class='ocrx_word' id='word_1_116' title='bbox 700 2149 756 2202; x_wconf 74' lang='lat' dir='ltr'>sivi</span> <span class='ocrx_word' id='word_1_117' title='bbox 800 2147 947 2201; x_wconf 71' lang='lat' dir='ltr'>secundum</span> <span class='ocrx_word' id='word_1_118' title='bbox 960 2141 1119 2214; x_wconf 79' lang='lat' dir='ltr'>quodquearn</span> <span class='ocrx_word' id='word_1_119' title='bbox 1131 2141 1309 2196; x_wconf 87' lang='lat' dir='ltr'>commodare.</span> <span class='ocrx_word' id='word_1_120' title='bbox 1394 2117 1395 2166; x_wconf 56' lang='lat' dir='ltr'>l</span> 
     </span>
     <span class='ocr_line' id='line_1_18' title="bbox 244 2221 1311 2300; baseline -0.006 -22"><span class='ocrx_word' id='word_1_121' title='bbox 244 2225 365 2278; x_wconf 81' lang='lat' dir='ltr'>animum</span> <span class='ocrx_word' id='word_1_122' title='bbox 373 2237 402 2276; x_wconf 83' lang='lat' dir='ltr'>ut</span> <span class='ocrx_word' id='word_1_123' title='bbox 408 2226 525 2295; x_wconf 85' lang='lat' dir='ltr'>expleret</span> <span class='ocrx_word' id='word_1_124' title='bbox 531 2227 757 2300; x_wconf 76' lang='lat' dir='ltr'>enum.»Explicat</span> <span class='ocrx_word' id='word_1_125' title='bbox 836 2230 897 2298; x_wconf 87' lang='lat'>761.</span> <span class='ocrx_word' id='word_1_126' title='bbox 912 2229 1020 2280; x_wconf 83' lang='lat' dir='ltr'>Facilem</span> <span class='ocrx_word' id='word_1_127' title='bbox 1037 2229 1119 2276; x_wconf 78' lang='lat' dir='ltr'>benev.</span> <span class='ocrx_word' id='word_1_128' title='bbox 1134 2222 1211 2273; x_wconf 86' lang='lat' dir='ltr'>Prius</span> <span class='ocrx_word' id='word_1_129' title='bbox 1223 2221 1311 2274; x_wconf 81' lang='lat' dir='ltr'>retulit</span> 
     </span>
    </p>
   </div>
   <div class='ocr_carea' id='block_1_4' title="bbox 245 2300 1395 2378">
    <p class='ocr_par' dir='ltr' id='par_1_13' title="bbox 245 2300 1395 2378">
     <span class='ocr_line' id='line_1_19' title="bbox 245 2300 1395 2378; baseline -0.008 -20"><span class='ocrx_word' id='word_1_130' title='bbox 245 2305 335 2358; x_wconf 83' lang='lat' dir='ltr'>Wast.</span> <span class='ocrx_word' id='word_1_131' title='bbox 355 2303 458 2375; x_wconf 68' lang='lat' dir='ltr'>«Exple</span> <span class='ocrx_word' id='word_1_132' title='bbox 471 2306 625 2360; x_wconf 78' lang='lat' dir='ltr'>mulieribus</span> <span class='ocrx_word' id='word_1_133' title='bbox 638 2308 764 2360; x_wconf 85' lang='lat' dir='ltr'>animum.</span> <span class='ocrx_word' id='word_1_134' title='bbox 800 2311 917 2362; x_wconf 73' lang='lat' dir='ltr'>Donatus</span> <span class='ocrx_word' id='word_1_135' title='bbox 928 2306 961 2360; x_wconf 82' lang='lat' dir='ltr'>ed</span> <span class='ocrx_word' id='word_1_136' title='bbox 972 2311 1125 2378; x_wconf 81' lang='lat' dir='ltr'>peceatum&#39;,</span> <span class='ocrx_word' id='word_1_137' title='bbox 1136 2302 1268 2375; x_wconf 71' lang='lat' dir='ltr'>posterius</span> <span class='ocrx_word' id='word_1_138' title='bbox 1277 2300 1311 2354; x_wconf 90' lang='lat' dir='ltr'>ad</span> <span class='ocrx_word' id='word_1_139' title='bbox 1394 2331 1395 2349; x_wconf 72' lang='grc'><strong>.</strong></span> 
     </span>
    </p>
   </div>
   <div class='ocr_carea' id='block_1_5' title="bbox 244 2383 1394 2855">
    <p class='ocr_par' dir='ltr' id='par_1_14' title="bbox 244 2383 1310 2457">
     <span class='ocr_line' id='line_1_20' title="bbox 244 2383 1310 2457; baseline 0.007 -22"><span class='ocrx_word' id='word_1_140' title='bbox 244 2383 311 2435; x_wconf 80' lang='lat' dir='ltr'>scire</span> <span class='ocrx_word' id='word_1_141' title='bbox 328 2383 495 2454; x_wconf 81' lang='lat' dir='ltr'>cupientibus</span> <span class='ocrx_word' id='word_1_142' title='bbox 508 2397 659 2457; x_wconf 79' lang='lat' dir='ltr'>recepteene</span> <span class='ocrx_word' id='word_1_143' title='bbox 677 2387 756 2440; x_wconf 79' lang='lat' dir='ltr'>etiem</span> <span class='ocrx_word' id='word_1_144' title='bbox 799 2385 972 2440; x_wconf 79' lang='lat' dir='ltr'>iracundiam.</span> <span class='ocrx_word' id='word_1_145' title='bbox 987 2385 1066 2440; x_wconf 78' lang='lat' dir='ltr'>Conl.</span> <span class='ocrx_word' id='word_1_146' title='bbox 1085 2401 1182 2456; x_wconf 77' lang='lat' dir='ltr'>supra,</span> <span class='ocrx_word' id='word_1_147' title='bbox 1194 2400 1234 2438; x_wconf 78' lang='lat' dir='ltr'>ve.</span> <span class='ocrx_word' id='word_1_148' title='bbox 1246 2400 1310 2452; x_wconf 68' lang='lat'>7²9⁹</span> 
     </span>
    </p>

    <p class='ocr_par' dir='ltr' id='par_1_15' title="bbox 244 2461 1310 2535">
     <span class='ocr_line' id='line_1_21' title="bbox 244 2461 1310 2535; baseline 0.003 -23"><span class='ocrx_word' id='word_1_149' title='bbox 244 2462 514 2534; x_wconf 82' lang='lat' dir='ltr'>nunc¹Painpbilum,</span> <span class='ocrx_word' id='word_1_150' title='bbox 535 2483 570 2518; x_wconf 84' lang='lat' dir='ltr'>an</span> <span class='ocrx_word' id='word_1_151' title='bbox 583 2465 700 2518; x_wconf 73' lang='lat' dir='ltr'>minus.»</span> <span class='ocrx_word' id='word_1_152' title='bbox 721 2495 756 2506; x_wconf 84' lang='lat'>—-</span> <span class='ocrx_word' id='word_1_153' title='bbox 800 2467 861 2535; x_wconf 84' lang='grc'><strong>738.</strong></span> <span class='ocrx_word' id='word_1_154' title='bbox 873 2497 906 2506; x_wconf 92' lang='grc'>-</span> <span class='ocrx_word' id='word_1_155' title='bbox 917 2469 1015 2535; x_wconf 72' lang='lat' dir='ltr'>Lingua</span> <span class='ocrx_word' id='word_1_156' title='bbox 1028 2481 1085 2528; x_wconf 79' lang='lat' dir='ltr'>tua,</span> <span class='ocrx_word' id='word_1_157' title='bbox 1097 2464 1127 2516; x_wconf 88' lang='lat' dir='ltr'>h.</span> <span class='ocrx_word' id='word_1_158' title='bbox 1139 2483 1162 2516; x_wconf 91' lang='lat' dir='ltr'>e.</span> <span class='ocrx_word' id='word_1_159' title='bbox 1176 2461 1263 2516; x_wconf 80' lang='lat' dir='ltr'>oratio</span> <span class='ocrx_word' id='word_1_160' title='bbox 1276 2462 1310 2512; x_wconf 87' lang='lat' dir='ltr'>le·</span> 
     </span>
    </p>

    <p class='ocr_par' dir='ltr' id='par_1_16' title="bbox 244 2541 1310 2691">
     <span class='ocr_line' id='line_1_22' title="bbox 244 2541 1310 2617; baseline 0.013 -23"><span class='ocrx_word' id='word_1_161' title='bbox 244 2545 297 2594; x_wconf 82' lang='lat' dir='ltr'>Hoc</span> <span class='ocrx_word' id='word_1_162' title='bbox 310 2561 345 2595; x_wconf 84' lang='lat' dir='ltr'>cr.</span> <span class='ocrx_word' id='word_1_163' title='bbox 365 2541 450 2614; x_wconf 80' lang='lat' dir='ltr'>Hujus</span> <span class='ocrx_word' id='word_1_164' title='bbox 468 2543 585 2596; x_wconf 79' lang='lat' dir='ltr'>criminis</span> <span class='ocrx_word' id='word_1_165' title='bbox 598 2544 756 2615; x_wconf 79' lang='lat' dir='ltr'>suspicione.</span> <span class='ocrx_word' id='word_1_166' title='bbox 800 2545 872 2617; x_wconf 75' lang='lat' dir='ltr'>pidre</span> <span class='ocrx_word' id='word_1_167' title='bbox 904 2546 1030 2600; x_wconf 76' lang='lat' dir='ltr'>mulieris.</span> <span class='ocrx_word' id='word_1_168' title='bbox 1058 2547 1210 2606; x_wconf 68' lang='lat' dir='ltr'>uotam.</span> <span class='ocrx_word' id='word_1_169' title='bbox 1238 2541 1310 2614; x_wconf 75' lang='lat' dir='ltr'>&lt;1¹1⁰d</span> 
     </span>
     <span class='ocr_line' id='line_1_23' title="bbox 282 2620 1310 2691; baseline -0.001 -17"><span class='ocrx_word' id='word_1_170' title='bbox 282 2620 344 2690; x_wconf 86' lang='grc'><strong>756.</strong></span> <span class='ocrx_word' id='word_1_171' title='bbox 355 2625 455 2673; x_wconf 63' lang='lat' dir='ltr'>Faciem</span> <span class='ocrx_word' id='word_1_172' title='bbox 473 2643 497 2689; x_wconf 91' lang='lat' dir='ltr'>q.</span> <span class='ocrx_word' id='word_1_173' title='bbox 503 2626 557 2691; x_wconf 85' lang='lat' dir='ltr'>pol.</span> <span class='ocrx_word' id='word_1_174' title='bbox 570 2636 619 2677; x_wconf 84' lang='lat' dir='ltr'>etc.</span> <span class='ocrx_word' id='word_1_175' title='bbox 635 2623 755 2678; x_wconf 82' lang='lat' dir='ltr'>Ordina:</span> <span class='ocrx_word' id='word_1_176' title='bbox 800 2624 932 2678; x_wconf 85' lang='lat' dir='ltr'>comicum</span> <span class='ocrx_word' id='word_1_177' title='bbox 950 2637 1005 2689; x_wconf 80' lang='lat' dir='ltr'>eet,</span> <span class='ocrx_word' id='word_1_178' title='bbox 1019 2622 1179 2676; x_wconf 81' lang='lat' dir='ltr'>Bacchidem</span> <span class='ocrx_word' id='word_1_179' title='bbox 1193 2620 1310 2675; x_wconf 83' lang='lat' dir='ltr'>meretri-</span> 
     </span>
    </p>

    <p class='ocr_par' dir='ltr' id='par_1_17' title="bbox 247 2699 1309 2772">
     <span class='ocr_line' id='line_1_24' title="bbox 247 2699 1309 2772; baseline 0 -20"><span class='ocrx_word' id='word_1_180' title='bbox 247 2701 345 2753; x_wconf 80' lang='lat' dir='ltr'>iaciam</span> <span class='ocrx_word' id='word_1_181' title='bbox 357 2699 757 2772; x_wconf 79' lang='lat' dir='ltr'>quodaliaheudleceret‚scio</span> <span class='ocrx_word' id='word_1_182' title='bbox 800 2723 859 2756; x_wconf 88' lang='lat' dir='ltr'>cem</span> <span class='ocrx_word' id='word_1_183' title='bbox 881 2703 939 2756; x_wconf 78' lang='lat' dir='ltr'>oeni</span> <span class='ocrx_word' id='word_1_184' title='bbox 964 2716 1085 2764; x_wconf 69' lang='lat' dir='ltr'>nummo,</span> <span class='ocrx_word' id='word_1_185' title='bbox 1106 2701 1187 2754; x_wconf 78' lang='lat' dir='ltr'>etiam</span> <span class='ocrx_word' id='word_1_186' title='bbox 1210 2700 1309 2760; x_wconf 79' lang='lat' dir='ltr'>invito,</span> 
     </span>
    </p>

    <p class='ocr_par' dir='ltr' id='par_1_18' title="bbox 245 2779 1394 2855">
     <span class='ocr_line' id='line_1_25' title="bbox 245 2779 1394 2855; baseline 0 -25"><span class='ocrx_word' id='word_1_187' title='bbox 245 2779 301 2850; x_wconf 92' lang='lat' dir='ltr'>pol,</span> <span class='ocrx_word' id='word_1_188' title='bbox 309 2780 331 2832; x_wconf 81' lang='lat' dir='ltr'>ei</span> <span class='ocrx_word' id='word_1_189' title='bbox 341 2793 407 2832; x_wconf 84' lang='lat' dir='ltr'>esset</span> <span class='ocrx_word' id='word_1_190' title='bbox 416 2799 446 2831; x_wconf 82' lang='lat' dir='ltr'>ex</span> <span class='ocrx_word' id='word_1_191' title='bbox 455 2781 507 2834; x_wconf 89' lang='lat' dir='ltr'>hoc</span> <span class='ocrx_word' id='word_1_192' title='bbox 515 2795 617 2852; x_wconf 80' lang='lat' dir='ltr'>quaeetu</span> <span class='ocrx_word' id='word_1_193' title='bbox 626 2802 680 2855; x_wconf 90' lang='lat' dir='ltr'>quo</span> <span class='ocrx_word' id='word_1_194' title='bbox 689 2801 758 2848; x_wconf 85' lang='lat' dir='ltr'>sum,</span> <span class='ocrx_word' id='word_1_195' title='bbox 800 2784 903 2854; x_wconf 83' lang='lat' dir='ltr'>plaeere</span> <span class='ocrx_word' id='word_1_196' title='bbox 914 2795 996 2854; x_wconf 81' lang='lat' dir='ltr'>etque</span> <span class='ocrx_word' id='word_1_197' title='bbox 1008 2780 1126 2854; x_wconf 84' lang='lat' dir='ltr'>probari.</span> <span class='ocrx_word' id='word_1_198' title='bbox 1141 2783 1207 2830; x_wconf 80' lang='lat' dir='ltr'>Perl.</span> <span class='ocrx_word' id='word_1_199' title='bbox 1393 2779 1394 2782; x_wconf 70' lang='grc'>’</span> 
     </span>
    </p>
   </div>
   <div class='ocr_carea' id='block_1_6' title="bbox 246 2857 1394 2933">
    <p class='ocr_par' dir='ltr' id='par_1_19' title="bbox 246 2857 1394 2933">
     <span class='ocr_line' id='line_1_26' title="bbox 246 2857 1394 2933; baseline 0.002 -25"><span class='ocrx_word' id='word_1_200' title='bbox 246 2857 282 2925; x_wconf 88' lang='lat' dir='ltr'>(i.</span> <span class='ocrx_word' id='word_1_201' title='bbox 297 2876 320 2908; x_wconf 91' lang='lat' dir='ltr'>e.</span> <span class='ocrx_word' id='word_1_202' title='bbox 330 2857 381 2910; x_wconf 87' lang='lat' dir='ltr'>hac</span> <span class='ocrx_word' id='word_1_203' title='bbox 396 2858 573 2929; x_wconf 85' lang='lat' dir='ltr'>conditione).</span> <span class='ocrx_word' id='word_1_204' title='bbox 836 2865 898 2933; x_wconf 77' lang='lat'>762.</span> <span class='ocrx_word' id='word_1_205' title='bbox 920 2869 975 2916; x_wconf 77' lang='lat' dir='ltr'>Hoe.</span> <span class='ocrx_word' id='word_1_206' title='bbox 1001 2863 1101 2932; x_wconf 86' lang='lat' dir='ltr'>Tanaq.</span> <span class='ocrx_word' id='word_1_207' title='bbox 1121 2859 1185 2912; x_wconf 78' lang='lat' dir='ltr'>Feb.</span> <span class='ocrx_word' id='word_1_208' title='bbox 1206 2862 1260 2910; x_wconf 77' lang='lat' dir='ltr'>lroee</span> <span class='ocrx_word' id='word_1_209' title='bbox 1277 2857 1311 2909; x_wconf 91' lang='lat' dir='ltr'>oh</span> <span class='ocrx_word' id='word_1_210' title='bbox 1393 2913 1394 2918; x_wconf 65' lang='lat'>,</span> 
     </span>
    </p>
   </div>
   <div class='ocr_carea' id='block_1_7' title="bbox 223 2936 1393 4120">
    <p class='ocr_par' dir='ltr' id='par_1_20' title="bbox 246 2936 1311 3172">
     <span class='ocr_line' id='line_1_27' title="bbox 283 2936 1309 3008; baseline 0.002 -21"><span class='ocrx_word' id='word_1_211' title='bbox 283 2936 342 3005; x_wconf 85' lang='lat'>757.</span> <span class='ocrx_word' id='word_1_212' title='bbox 359 2941 397 2996; x_wconf 74' lang='lat' dir='ltr'>Ue,</span> <span class='ocrx_word' id='word_1_213' title='bbox 411 2936 595 3006; x_wconf 82' lang='lat' dir='ltr'>explicativum</span> <span class='ocrx_word' id='word_1_214' title='bbox 614 2947 703 2992; x_wconf 69' lang='lat' dir='ltr'>estred</span> <span class='ocrx_word' id='word_1_215' title='bbox 709 2940 756 3006; x_wconf 88' lang='lat' dir='ltr'>fa·</span> <span class='ocrx_word' id='word_1_216' title='bbox 800 2955 923 2996; x_wconf 74' lang='lat' dir='ltr'>metrum.</span> <span class='ocrx_word' id='word_1_217' title='bbox 935 2939 996 2993; x_wconf 88' lang='lat' dir='ltr'>Itid.</span> <span class='ocrx_word' id='word_1_218' title='bbox 1010 2940 1076 2993; x_wconf 88' lang='lat' dir='ltr'>libh.</span> <span class='ocrx_word' id='word_1_219' title='bbox 1092 2940 1136 2992; x_wconf 87' lang='lat' dir='ltr'>Be.</span> <span class='ocrx_word' id='word_1_220' title='bbox 1152 2936 1237 2992; x_wconf 80' lang='lat' dir='ltr'>Andr.</span> <span class='ocrx_word' id='word_1_221' title='bbox 1250 2938 1309 3008; x_wconf 80' lang='lat'>657.</span> 
     </span>
     <span class='ocr_line' id='line_1_28' title="bbox 246 3013 1311 3092; baseline 0.004 -26"><span class='ocrx_word' id='word_1_222' title='bbox 246 3029 326 3075; x_wconf 77' lang='lat' dir='ltr'>ceree,</span> <span class='ocrx_word' id='word_1_223' title='bbox 337 3033 374 3066; x_wconf 85' lang='lat' dir='ltr'>vs.</span> <span class='ocrx_word' id='word_1_224' title='bbox 390 3013 546 3084; x_wconf 79' lang='lat' dir='ltr'>praeced-</span> <span class='ocrx_word' id='word_1_225' title='bbox 554 3022 592 3068; x_wconf 87' lang='lat' dir='ltr'>De</span> <span class='ocrx_word' id='word_1_226' title='bbox 603 3020 650 3068; x_wconf 80' lang='lat' dir='ltr'>tali</span> <span class='ocrx_word' id='word_1_227' title='bbox 661 3037 756 3082; x_wconf 84' lang='lat' dir='ltr'>eausa,</span> <span class='ocrx_word' id='word_1_228' title='bbox 799 3049 833 3059; x_wconf 87' lang='lat'><em>-</em></span> <span class='ocrx_word' id='word_1_229' title='bbox 844 3023 934 3074; x_wconf 73' lang='lat' dir='ltr'>Arhia.</span> <span class='ocrx_word' id='word_1_230' title='bbox 945 3033 971 3073; x_wconf 85' lang='lat' dir='ltr'>te</span> <span class='ocrx_word' id='word_1_231' title='bbox 983 3031 1119 3092; x_wconf 77' lang='lat' dir='ltr'>receptore</span> <span class='ocrx_word' id='word_1_232' title='bbox 1132 3017 1311 3088; x_wconf 71' lang='lat' dir='ltr'>Pamphilum.</span> 
     </span>
     <span class='ocr_line' id='line_1_29' title="bbox 247 3093 1267 3172; baseline 0.008 -30"><span class='ocrx_word' id='word_1_233' title='bbox 247 3103 355 3172; x_wconf 76' lang='lat' dir='ltr'>propter</span> <span class='ocrx_word' id='word_1_234' title='bbox 361 3093 438 3146; x_wconf 70' lang='lat' dir='ltr'>ilem</span> <span class='ocrx_word' id='word_1_235' title='bbox 447 3111 562 3160; x_wconf 78' lang='lat' dir='ltr'>caueam,</span> <span class='ocrx_word' id='word_1_236' title='bbox 570 3107 678 3166; x_wconf 74' lang='lat' dir='ltr'>propter</span> <span class='ocrx_word' id='word_1_237' title='bbox 687 3114 757 3152; x_wconf 89' lang='lat' dir='ltr'>amo·</span> <span class='ocrx_word' id='word_1_238' title='bbox 797 3103 894 3161; x_wconf 74' lang='lat' dir='ltr'>-Hoe,</span> <span class='ocrx_word' id='word_1_239' title='bbox 908 3099 1050 3171; x_wconf 83' lang='lat' dir='ltr'>Myrrhina</span> <span class='ocrx_word' id='word_1_240' title='bbox 1063 3111 1088 3150; x_wconf 83' lang='lat' dir='ltr'>et</span> <span class='ocrx_word' id='word_1_241' title='bbox 1098 3097 1267 3150; x_wconf 80' lang='lat' dir='ltr'>Philumena.</span> 
     </span>
    </p>

    <p class='ocr_par' dir='ltr' id='par_1_21' title="bbox 223 3172 1310 3246">
     <span class='ocr_line' id='line_1_30' title="bbox 223 3172 1310 3246; baseline 0.005 -23"><span class='ocrx_word' id='word_1_242' title='bbox 223 3207 227 3214; x_wconf 81' lang='lat'><em>·</em></span> <span class='ocrx_word' id='word_1_243' title='bbox 247 3190 305 3244; x_wconf 78' lang='lat' dir='ltr'>rem</span> <span class='ocrx_word' id='word_1_244' title='bbox 314 3173 401 3225; x_wconf 76' lang='lat' dir='ltr'>mariti</span> <span class='ocrx_word' id='word_1_245' title='bbox 411 3173 439 3226; x_wconf 86' lang='lat' dir='ltr'>in</span> <span class='ocrx_word' id='word_1_246' title='bbox 452 3172 583 3243; x_wconf 84' lang='lat' dir='ltr'>pellicem.</span> <span class='ocrx_word' id='word_1_247' title='bbox 837 3177 897 3246; x_wconf 82' lang='lat'>763.</span> <span class='ocrx_word' id='word_1_248' title='bbox 913 3183 946 3229; x_wconf 86' lang='lat' dir='ltr'>Te</span> <span class='ocrx_word' id='word_1_249' title='bbox 956 3198 1014 3240; x_wconf 82' lang='lat' dir='ltr'>esse,</span> <span class='ocrx_word' id='word_1_250' title='bbox 1024 3190 1083 3230; x_wconf 82' lang='lat' dir='ltr'>tuos</span> <span class='ocrx_word' id='word_1_251' title='bbox 1097 3195 1224 3230; x_wconf 75' lang='lat' dir='ltr'>moresee</span> <span class='ocrx_word' id='word_1_252' title='bbox 1236 3175 1310 3228; x_wconf 80' lang='lat' dir='ltr'>hebe-</span> 
     </span>
    </p>

    <p class='ocr_par' dir='ltr' id='par_1_22' title="bbox 230 3250 1310 3487">
     <span class='ocr_line' id='line_1_31' title="bbox 285 3250 1124 3325; baseline 0.002 -21"><span class='ocrx_word' id='word_1_253' title='bbox 285 3252 347 3322; x_wconf 81' lang='grc'><strong>758.</strong></span> <span class='ocrx_word' id='word_1_254' title='bbox 365 3257 437 3303; x_wconf 79' lang='lat' dir='ltr'>Falsa</span> <span class='ocrx_word' id='word_1_255' title='bbox 443 3253 520 3320; x_wconf 82' lang='lat' dir='ltr'>sama</span> <span class='ocrx_word' id='word_1_256' title='bbox 537 3272 601 3319; x_wconf 78' lang='lat' dir='ltr'>susp.</span> <span class='ocrx_word' id='word_1_257' title='bbox 614 3250 714 3306; x_wconf 82' lang='lat' dir='ltr'>Venire</span> <span class='ocrx_word' id='word_1_258' title='bbox 730 3253 758 3306; x_wconf 86' lang='lat' dir='ltr'>in</span> <span class='ocrx_word' id='word_1_259' title='bbox 801 3274 840 3308; x_wconf 81' lang='lat' dir='ltr'>re.</span> <span class='ocrx_word' id='word_1_260' title='bbox 853 3287 889 3298; x_wconf 93' lang='lat'><em>-</em></span> <span class='ocrx_word' id='word_1_261' title='bbox 903 3264 1005 3325; x_wconf 81' lang='lat' dir='ltr'>Proeter,</span> <span class='ocrx_word' id='word_1_262' title='bbox 1023 3270 1124 3310; x_wconf 82' lang='lat' dir='ltr'>contra.</span> 
     </span>
     <span class='ocr_line' id='line_1_32' title="bbox 248 3331 1310 3408; baseline 0.001 -23"><span class='ocrx_word' id='word_1_263' title='bbox 248 3331 425 3403; x_wconf 70' lang='lat' dir='ltr'>suspicionem</span> <span class='ocrx_word' id='word_1_264' title='bbox 435 3333 534 3402; x_wconf 74' lang='lat' dir='ltr'>culpo,</span> <span class='ocrx_word' id='word_1_265' title='bbox 548 3350 607 3401; x_wconf 82' lang='lat' dir='ltr'>quaa</span> <span class='ocrx_word' id='word_1_266' title='bbox 626 3331 691 3385; x_wconf 75' lang='lat' dir='ltr'>salua</span> <span class='ocrx_word' id='word_1_267' title='bbox 704 3344 758 3398; x_wconf 79' lang='lat' dir='ltr'>eet,</span> <span class='ocrx_word' id='word_1_268' title='bbox 839 3342 1011 3408; x_wconf 62' lang='lat' dir='ltr'>764Eadem,</span> <span class='ocrx_word' id='word_1_269' title='bbox 1024 3339 1075 3390; x_wconf 91' lang='lat' dir='ltr'>hoc</span> <span class='ocrx_word' id='word_1_270' title='bbox 1084 3347 1131 3397; x_wconf 78' lang='lat' dir='ltr'>est,</span> <span class='ocrx_word' id='word_1_271' title='bbox 1144 3345 1310 3406; x_wconf 74' lang='lat' dir='ltr'>prugum.-</span> 
     </span>
     <span class='ocr_line' id='line_1_33' title="bbox 230 3409 1309 3487; baseline -0.003 -24"><span class='ocrx_word' id='word_1_272' title='bbox 230 3424 276 3468; x_wconf 38' lang='grc' dir='ltr'>χοι</span> <span class='ocrx_word' id='word_1_273' title='bbox 289 3430 320 3463; x_wconf 84' lang='lat' dir='ltr'>ex</span> <span class='ocrx_word' id='word_1_274' title='bbox 332 3429 384 3482; x_wconf 91' lang='lat' dir='ltr'>qua</span> <span class='ocrx_word' id='word_1_275' title='bbox 399 3411 479 3464; x_wconf 79' lang='lat' dir='ltr'>falsus</span> <span class='ocrx_word' id='word_1_276' title='bbox 489 3429 581 3464; x_wconf 88' lang='lat' dir='ltr'>rumor</span> <span class='ocrx_word' id='word_1_277' title='bbox 589 3409 741 3465; x_wconf 77' lang='lat' dir='ltr'>differatur.</span> <span class='ocrx_word' id='word_1_278' title='bbox 802 3420 885 3476; x_wconf 76' lang='lat' dir='ltr'>Porro,</span> <span class='ocrx_word' id='word_1_279' title='bbox 897 3427 997 3487; x_wconf 73' lang='lat' dir='ltr'>postea.</span> <span class='ocrx_word' id='word_1_280' title='bbox 1009 3447 1045 3458; x_wconf 93' lang='lat'><em>-</em></span> <span class='ocrx_word' id='word_1_281' title='bbox 1053 3416 1178 3467; x_wconf 80' lang='lat' dir='ltr'>Amicitia.</span> <span class='ocrx_word' id='word_1_282' title='bbox 1189 3412 1252 3464; x_wconf 88' lang='lat' dir='ltr'>Non</span> <span class='ocrx_word' id='word_1_283' title='bbox 1259 3414 1309 3483; x_wconf 85' lang='lat' dir='ltr'>jam</span> 
     </span>
    </p>

    <p class='ocr_par' dir='ltr' id='par_1_23' title="bbox 249 3489 1393 3884">
     <span class='ocr_line' id='line_1_34' title="bbox 286 3489 1310 3566; baseline -0.003 -23"><span class='ocrx_word' id='word_1_284' title='bbox 286 3489 757 3560; x_wconf 57' lang='lat' dir='ltr'>759.Var.ordoverboruminhae.</span> <span class='ocrx_word' id='word_1_285' title='bbox 802 3495 917 3566; x_wconf 82' lang='lat' dir='ltr'>amplius</span> <span class='ocrx_word' id='word_1_286' title='bbox 935 3513 1025 3548; x_wconf 85' lang='lat' dir='ltr'>amore</span> <span class='ocrx_word' id='word_1_287' title='bbox 1048 3495 1114 3560; x_wconf 87' lang='lat' dir='ltr'>filii,</span> <span class='ocrx_word' id='word_1_288' title='bbox 1135 3491 1184 3546; x_wconf 82' lang='lat' dir='ltr'>eed</span> <span class='ocrx_word' id='word_1_289' title='bbox 1203 3493 1310 3542; x_wconf 75' lang='lat' dir='ltr'>amicitia</span> 
     </span>
     <span class='ocr_line' id='line_1_35' title="bbox 249 3567 1393 3643; baseline -0.001 -23"><span class='ocrx_word' id='word_1_290' title='bbox 249 3573 348 3620; x_wconf 82' lang='lat' dir='ltr'>-Nec</span> <span class='ocrx_word' id='word_1_291' title='bbox 357 3573 404 3622; x_wconf 76' lang='lat' dir='ltr'>leo.</span> <span class='ocrx_word' id='word_1_292' title='bbox 413 3567 511 3640; x_wconf 88' lang='lat' dir='ltr'>Supple</span> <span class='ocrx_word' id='word_1_293' title='bbox 520 3581 602 3621; x_wconf 80' lang='lat' dir='ltr'>eumer</span> <span class='ocrx_word' id='word_1_294' title='bbox 606 3569 690 3642; x_wconf 81' lang='lat' dir='ltr'>junge</span> <span class='ocrx_word' id='word_1_295' title='bbox 700 3590 760 3625; x_wconf 85' lang='lat' dir='ltr'>cum</span> <span class='ocrx_word' id='word_1_296' title='bbox 803 3588 895 3626; x_wconf 80' lang='lat' dir='ltr'>nostra.</span> <span class='ocrx_word' id='word_1_297' title='bbox 910 3603 945 3614; x_wconf 93' lang='lat'>-</span> <span class='ocrx_word' id='word_1_298' title='bbox 961 3581 993 3626; x_wconf 79' lang='lat' dir='ltr'>Ur</span> <span class='ocrx_word' id='word_1_299' title='bbox 1009 3579 1095 3638; x_wconf 75' lang='lat' dir='ltr'>voles,</span> <span class='ocrx_word' id='word_1_300' title='bbox 1115 3582 1249 3643; x_wconf 76' lang='lat' dir='ltr'>quantum</span> <span class='ocrx_word' id='word_1_301' title='bbox 1264 3567 1310 3620; x_wconf 69' lang='lat' dir='ltr'>ribi</span> <span class='ocrx_word' id='word_1_302' title='bbox 1392 3607 1393 3640; x_wconf 66' lang='lat'>3</span> 
     </span>
     <span class='ocr_line' id='line_1_36' title="bbox 250 3647 1393 3710; baseline 0.01 -11"><span class='ocrx_word' id='word_1_303' title='bbox 250 3651 369 3707; x_wconf 79' lang='lat' dir='ltr'>viderier.</span> <span class='ocrx_word' id='word_1_304' title='bbox 390 3682 424 3690; x_wconf 92' lang='lat'><em>-</em></span> <span class='ocrx_word' id='word_1_305' title='bbox 439 3651 569 3710; x_wconf 69' lang='lat' dir='ltr'>Levimem,</span> <span class='ocrx_word' id='word_1_306' title='bbox 586 3650 674 3702; x_wconf 83' lang='lat' dir='ltr'>miuus</span> <span class='ocrx_word' id='word_1_307' title='bbox 694 3668 759 3708; x_wconf 82' lang='lat' dir='ltr'>oon·</span> <span class='ocrx_word' id='word_1_308' title='bbox 803 3652 907 3706; x_wconf 85' lang='lat' dir='ltr'>libebit.</span> <span class='ocrx_word' id='word_1_309' title='bbox 1392 3647 1393 3654; x_wconf 12' lang='grc' dir='ltr'><strong>ἶ</strong></span> 
     </span>
     <span class='ocr_line' id='line_1_37' title="bbox 250 3725 1310 3802; baseline -0.001 -22"><span class='ocrx_word' id='word_1_310' title='bbox 250 3739 372 3780; x_wconf 77' lang='lat' dir='ltr'>utentem.</span> <span class='ocrx_word' id='word_1_311' title='bbox 382 3731 515 3795; x_wconf 78' lang='lat' dir='ltr'>-Quibur</span> <span class='ocrx_word' id='word_1_312' title='bbox 525 3732 628 3781; x_wconf 74' lang='lat' dir='ltr'>esernin.</span> <span class='ocrx_word' id='word_1_313' title='bbox 638 3744 686 3797; x_wconf 76' lang='lat' dir='ltr'>aeq.</span> <span class='ocrx_word' id='word_1_314' title='bbox 696 3729 759 3782; x_wconf 81' lang='lat' dir='ltr'>suh.</span> <span class='ocrx_word' id='word_1_315' title='bbox 840 3732 900 3802; x_wconf 79' lang='lat'>765.</span> <span class='ocrx_word' id='word_1_316' title='bbox 921 3735 1000 3785; x_wconf 80' lang='lat' dir='ltr'>Aliter</span> <span class='ocrx_word' id='word_1_317' title='bbox 1018 3736 1040 3784; x_wconf 83' lang='lat' dir='ltr'>si</span> <span class='ocrx_word' id='word_1_318' title='bbox 1050 3733 1166 3801; x_wconf 79' lang='lat' dir='ltr'>sarias...</span> <span class='ocrx_word' id='word_1_319' title='bbox 1184 3729 1266 3781; x_wconf 84' lang='lat' dir='ltr'>Plura</span> <span class='ocrx_word' id='word_1_320' title='bbox 1274 3725 1310 3779; x_wconf 89' lang='lat' dir='ltr'>di·</span> 
     </span>
     <span class='ocr_line' id='line_1_38' title="bbox 251 3806 1308 3884; baseline -0.001 -25"><span class='ocrx_word' id='word_1_321' title='bbox 251 3825 311 3860; x_wconf 88' lang='lat' dir='ltr'>eum</span> <span class='ocrx_word' id='word_1_322' title='bbox 325 3807 407 3860; x_wconf 87' lang='lat' dir='ltr'>rideri</span> <span class='ocrx_word' id='word_1_323' title='bbox 418 3806 504 3860; x_wconf 84' lang='lat' dir='ltr'>talem.</span> <span class='ocrx_word' id='word_1_324' title='bbox 804 3822 894 3864; x_wconf 80' lang='lat' dir='ltr'>clurue</span> <span class='ocrx_word' id='word_1_325' title='bbox 907 3811 1041 3884; x_wconf 86' lang='lat' dir='ltr'>abrumpit</span> <span class='ocrx_word' id='word_1_326' title='bbox 1055 3827 1211 3865; x_wconf 78' lang='lat' dir='ltr'>sermonem.</span> <span class='ocrx_word' id='word_1_327' title='bbox 1225 3809 1308 3861; x_wconf 88' lang='lat' dir='ltr'>Bene:</span> 
     </span>
    </p>

    <p class='ocr_par' dir='ltr' id='par_1_24' title="bbox 254 3887 1312 4120">
     <span class='ocr_line' id='line_1_39' title="bbox 288 3887 1310 3960; baseline -0.002 -22"><span class='ocrx_word' id='word_1_328' title='bbox 288 3887 761 3956; x_wconf 79' lang='lat' dir='ltr'>760.Nammer.etc.Construe:Nam</span> <span class='ocrx_word' id='word_1_329' title='bbox 805 3909 839 3943; x_wconf 87' lang='lat' dir='ltr'>ne</span> <span class='ocrx_word' id='word_1_330' title='bbox 851 3889 944 3943; x_wconf 71' lang='lat' dir='ltr'>inscite</span> <span class='ocrx_word' id='word_1_331' title='bbox 961 3901 1021 3960; x_wconf 83' lang='lat' dir='ltr'>egat</span> <span class='ocrx_word' id='word_1_332' title='bbox 1031 3909 1099 3942; x_wconf 78' lang='lat' dir='ltr'>cum</span> <span class='ocrx_word' id='word_1_333' title='bbox 1115 3888 1181 3941; x_wconf 80' lang='lat' dir='ltr'>eoita</span> <span class='ocrx_word' id='word_1_334' title='bbox 1197 3899 1224 3940; x_wconf 91' lang='lat' dir='ltr'>et</span> <span class='ocrx_word' id='word_1_335' title='bbox 1235 3888 1310 3938; x_wconf 86' lang='lat' dir='ltr'>bona.</span> 
     </span>
     <span class='ocr_line' id='line_1_40' title="bbox 254 3965 1312 4037; baseline 0.001 -22"><span class='ocrx_word' id='word_1_336' title='bbox 254 3985 313 4016; x_wconf 83' lang='lat' dir='ltr'>mer.</span> <span class='ocrx_word' id='word_1_337' title='bbox 323 3981 360 4016; x_wconf 80' lang='lat' dir='ltr'>est</span> <span class='ocrx_word' id='word_1_338' title='bbox 373 3972 405 4018; x_wconf 81' lang='lat' dir='ltr'>de</span> <span class='ocrx_word' id='word_1_339' title='bbox 418 3987 456 4020; x_wconf 85' lang='lat' dir='ltr'>me</span> <span class='ocrx_word' id='word_1_340' title='bbox 473 3982 501 4019; x_wconf 81' lang='lat' dir='ltr'>ut</span> <span class='ocrx_word' id='word_1_341' title='bbox 516 3969 760 4036; x_wconf 82' lang='lat' dir='ltr'>ecmrnodem(oon·</span> <span class='ocrx_word' id='word_1_342' title='bbox 804 3997 839 4009; x_wconf 89' lang='lat'><em>-</em></span> <span class='ocrx_word' id='word_1_343' title='bbox 851 3973 927 4037; x_wconf 50' lang='grc' dir='ltr'>Εὖγε</span> <span class='ocrx_word' id='word_1_344' title='bbox 945 3971 1028 4036; x_wconf 84' lang='lat' dir='ltr'>quidq.</span> <span class='ocrx_word' id='word_1_345' title='bbox 1045 3971 1105 4020; x_wconf 85' lang='lat' dir='ltr'>aud.</span> <span class='ocrx_word' id='word_1_346' title='bbox 1127 3965 1186 4018; x_wconf 87' lang='lat' dir='ltr'>Hoc</span> <span class='ocrx_word' id='word_1_347' title='bbox 1207 3977 1261 4028; x_wconf 79' lang='lat' dir='ltr'>eet,</span> <span class='ocrx_word' id='word_1_348' title='bbox 1278 3981 1312 4016; x_wconf 87' lang='lat' dir='ltr'>ne</span> 
     </span>
     <span class='ocr_line' id='line_1_41' title="bbox 254 4037 1239 4120; baseline -0.002 -24"><span class='ocrx_word' id='word_1_349' title='bbox 254 4043 359 4114; x_wconf 71' lang='lat' dir='ltr'>culam)</span> <span class='ocrx_word' id='word_1_350' title='bbox 373 4049 410 4097; x_wconf 82' lang='lat' dir='ltr'>illi</span> <span class='ocrx_word' id='word_1_351' title='bbox 420 4083 430 4110; x_wconf 87' lang='lat'>,</span> <span class='ocrx_word' id='word_1_352' title='bbox 442 4037 590 4100; x_wconf 81' lang='lat' dir='ltr'>secuhdum</span> <span class='ocrx_word' id='word_1_353' title='bbox 601 4063 680 4100; x_wconf 83' lang='lat' dir='ltr'>onrue</span> <span class='ocrx_word' id='word_1_354' title='bbox 693 4043 759 4100; x_wconf 86' lang='lat' dir='ltr'>illud</span> <span class='ocrx_word' id='word_1_355' title='bbox 803 4045 895 4120; x_wconf 88' lang='lat' dir='ltr'>quidq.</span> <span class='ocrx_word' id='word_1_356' title='bbox 903 4045 964 4099; x_wconf 87' lang='lat' dir='ltr'>aud.</span> <span class='ocrx_word' id='word_1_357' title='bbox 974 4045 1046 4118; x_wconf 89' lang='lat' dir='ltr'>quod</span> <span class='ocrx_word' id='word_1_358' title='bbox 1056 4065 1124 4117; x_wconf 72' lang='lat' dir='ltr'>egre</span> <span class='ocrx_word' id='word_1_359' title='bbox 1135 4044 1181 4098; x_wconf 79' lang='lat' dir='ltr'>tihi</span> <span class='ocrx_word' id='word_1_360' title='bbox 1197 4043 1239 4098; x_wconf 80' lang='lat' dir='ltr'>sir.</span> 
     </span>
    </p>
   </div>
   <div class='ocr_carea' id='block_1_8' title="bbox 0 0 1424 4778">
    <p class='ocr_par' dir='ltr' id='par_1_25' title="bbox 0 0 1424 4778">
     <span class='ocr_line' id='line_1_42' title="bbox 0 0 1424 4778; baseline 0 0"><span class='ocrx_word' id='word_1_361' title='bbox 0 0 1424 4778; x_wconf 95' lang='lat' dir='ltr'> </span> 
     </span>
    </p>
   </div>
  </div>
 </body>
</html>
