2824 4778
338 357 557 426 HECYRA.
581 359 691 428 ACT.
719 359 761 438 V,
787 358 853 442 SC.
878 361 905 426 Ι.
1085 361 1154 429 213
1242 387 1248 396 ¹

96 489 179 560 Nam
202 511 308 582 neque
335 487 389 557 ille
415 490 481 560 hoc
500 491 611 559 animo
640 493 704 560 erit
731 505 880 576 ertatem,
902 515 1009 584 neque
1035 491 1090 587 pol
1119 509 1155 562 tu

248 594 363 663 eadem
379 597 460 666 istac
476 611 580 665 aetate.

95 704 175 769 Btc.
192 701 276 789 Quis
290 701 323 768 id
336 699 407 769 ait?
422 705 486 772 LA.
497 705 628 772 Socrus.
644 707 728 772 Bne.
745 705 845 772 Mene
859 705 948 772 tm.
964 705 1011 772 Te
1024 705 1128 798 ipsam
1147 732 1153 772 :

248 820 282 874 et
301 805 401 875 filiam
423 809 560 877 abduxit
580 833 691 896 suam,
714 833 717 838 ·

95 915 299 1005 Puerumque
320 913 363 981 ob
385 937 458 983 eam
486 940 556 984 rem
575 913 661 984 elam
681 913 802 1000 voluit,
825 929 921 984 natus
942 915 998 1010 qui
1014 929 1081 1003 est,
1101 943 1156 985 ex·

249 1019 426 1112 stinguere.

95 1126 175 1194 Bne.
201 1122 300 1192 Aliud
321 1126 348 1193 si
370 1127 510 1213 scirem,
536 1127 592 1220 qul
612 1126 745 1196 firmare
768 1151 876 1195 meam
897 1127 987 1222 apud
1005 1152 1065 1196 vos
1086 1155 1158 1222 pos·

250 1255 319 1298 sem
336 1231 456 1318 fidem,
1119 1251 1158 1304 ⁷⁵⁰

97 1336 244 1404 Sanctius
265 1361 364 1429 quam
378 1338 626 1431 jusjurandum,
643 1340 676 1407 id
690 1338 870 1433 pollicerer
882 1341 956 1424 tibi,
976 1341 1104 1428 Lache,

96 1443 150 1509 Me
168 1455 375 1536 segregatum
392 1443 567 1533 habuisse,
588 1469 726 1514 uxorem
749 1459 785 1512 ut
809 1445 920 1530 duxit,
943 1471 962 1513 a
981 1471 1036 1513 me
1060 1447 1155 1512 Pam-

251 1547 389 1641 philum.
470 1539 471 1544 ἵ
861 1611 864 1615 .

97 1653 313 1748 [Α.,Βερίᾶα
335 1671 394 1723 est
418 1655 476 1725 sed
495 1655 597 1743 scin’,
622 1657 702 1751 quid
725 1656 802 1726 volo
820 1657 946 1752 potius,
969 1655 1083 1743 sodes,
1105 1655 1158 1723 fa-

251 1759 347 1829 cias?
363 1765 445 1831 Buc.
472 1761 565 1851 Quid
586 1765 636 1832 vis
657 1761 672 1830 ‚l
694 1762 787 1832 cedo.

97 1866 157 1932 Lu.
176 1867 240 1934 Eas
259 1865 310 1954 ud¹
321 1865 473 1937 mulieres
492 1868 570 1937 hinc
587 1870 692 1955 intro,
716 1881 813 1962 atque
830 1869 916 1937 istuc
928 1868 1158 1962 jusjurandum

249 1971 337 2040 idem
581 2042 584 2048 ,

98 2074 273 2148 Polliceare
280 2077 358 2167 illis;
372 2079 466 2174 exple
476 2081 624 2149 animum
633 2081 687 2168 iis,
702 2094 799 2175 teque
809 2081 1017 2156 huccrimine
1028 2079 1155 2176 expedi.

132 2297 190 2361 747.
201 2297 316 2348 AEtatem.
329 2295 409 2348 Abest
424 2310 522 2348 atatem
541 2316 555 2349 a
570 2299 600 2350 C.
647 2317 687 2358 π,
703 2318 716 2350 2
733 2318 740 2352 ε
755 2299 893 2371 «Virgines
903 2297 1064 2370 (Dionysius
1074 2304 1085 2370 )
1097 2306 1158 2350 aute

101 2367 130 2420 G.
144 2389 178 2422 m.
200 2382 224 2423 et
236 2372 300 2426 libb.
320 2374 363 2427 Be.
379 2375 482 2446 Explic.
498 2376 601 2428 Nonius
644 2379 928 2448 nuptiasebducebat.·
947 2382 1013 2429 Perl.

100 2449 602 2524 &Eun-Ille,Pamphilus—Hor
682 2463 743 2526 749.
771 2460 898 2508 Voluit...
928 2458 1037 2522 exsting.
1070 2453 1159 2526 Fingit

100 2546 137 2578 an.
156 2533 214 2589 erit,
228 2548 304 2602 supp.
318 2551 376 2600 erge
389 2545 431 2597 te;
442 2533 459 2586 i.
473 2552 496 2586 e.
507 2533 602 2586 eodem
645 2535 701 2587 haec
716 2553 804 2587 senex.

99 2622 185 2660 amore
197 2620 223 2661 te
231 2621 415 2682 prosequetur.
426 2643 462 2653 -
477 2617 602 2674 AEtaeem,
683 2611 744 2682 750.
760 2616 801 2664 At.
811 2615 834 2662 si
850 2613 905 2662 scir.
923 2621 974 2663 etc.
987 2607 1063 2661 Ordo
1073 2619 1127 2673 est,
1137 2615 1160 2662 si

99 2702 143 2754 per
159 2687 287 2760 integram
302 2702 413 2744 aetatem.
429 2697 541 2759 -’Νοᾳ.
559 2694 605 2759 pol
648 2691 742 2743 scirem
754 2689 828 2742 eliud
846 2688 961 2741 sanctius
971 2705 1051 2759 quum
1063 2689 1158 2760 jusjur.

99 2769 603 2842 tuead.ist.oet.supp,florebis‚vigebis;
649 2781 698 2822 etc.
710 2769 816 2833 -Qut‘,
835 2766 980 2838 quomodo.
995 2797 1030 2807 -
1051 2769 1160 2818 Finnaro

99 2845 138 2895 vel
148 2845 274 2916 quiddam
284 2849 365 2901 atiud.
380 2850 481 2903 Endem
494 2850 549 2902 lere
561 2848 605 2915 (li-
641 2852 739 2920 fidem,
752 2846 840 2901 verbis
857 2847 1037 2899 auctoritatem
1052 2845 1124 2899 dare.

100 2937 138 2975 cet
146 2925 173 2977 in
181 2925 263 2979 finem
276 2928 356 2999 longe
369 2929 450 2981 elium
463 2929 571 2995 scribit),
579 2929 604 2979 J.
685 2929 745 2998 751.
759 2930 850 2980 tacte.
865 2926 897 2978 C.
911 2926 942 2978 G.
951 2945 989 2980 m.
1003 2931 1107 2979 Laches.

99 3002 121 3054 J.
127 3004 273 3082 Romamn,
285 3012 401 3060 Nouuelle
411 3011 523 3076 Heloi'se,
535 3019 603 3080 part.
684 3009 746 3078 7⁵²·
759 3013 828 3075 Segr.
846 3008 905 3059 hab.
922 3026 973 3078 pro
987 3010 1161 3076 segregavisse.

103 3101 123 3142 1,
134 3084 186 3138 lett.
197 3090 246 3139 26:
259 3089 340 3140 «Vols
353 3087 380 3140 la
389 3085 504 3158 rapidite
514 3087 547 3140 de
563 3097 604 3140 cet
648 3119 684 3128 -—
699 3096 738 3153 Ut,
751 3086 889 3148 strumae,
905 3086 1121 3157 quamprimum.

100 3175 163 3216 estre
173 3165 315 3237 quijemais
324 3169 454 3231 n’nrrete3
467 3166 486 3218 il
497 3167 567 3229 vole,
579 3177 604 3218 et
684 3167 745 3237 753.
761 3169 812 3218 Vis.
826 3165 883 3216 Mu.
902 3165 979 3236 ejecit
994 3167 1022 3216 τὸ
1044 3169 1097 3228 vis,
1108 3181 1162 3234 quo

99 3242 123 3293 le
134 3255 218 3316 temps
230 3245 290 3309 fuit,
300 3246 439 3299 l'occasion
450 3247 602 3318 s'e'chappe:
648 3245 745 3299 omisso
760 3246 858 3297 faceret
871 3242 1050 3296 catalecticum
1060 3262 1095 3294 ex
1106 3261 1164 3294 uca-

99 3331 122 3372 te
131 3323 226 3376 beaute
234 3363 241 3388 ‚
250 3337 275 3377 te
283 3326 377 3377 beaute
386 3327 472 3378 meme
483 3345 547 3379 aura
558 3345 606 3378 son
650 3325 771 3378 talectico
788 3341 942 3375 versum—
951 3327 1010 3389 Lep.
1023 3342 1055 3373 es.
1067 3324 1164 3374 Aman-

99 3409 193 3467 terme;
204 3404 256 3456 elle
265 3403 320 3456 doit
330 3404 446 3457 decliner
456 3417 481 3457 et
491 3405 560 3476 perir
569 3423 607 3457 un
651 3401 686 3456 da
693 3402 759 3453 mihi
768 3421 803 3473 es,
811 3419 869 3472 quse
876 3400 942 3452 dicis
951 3401 1163 3466 teliu-Potius,

99 3480 163 3548 jour,
172 3493 242 3536 ete:
653 3481 775 3554 amplius.
793 3515 826 3524 -
844 3485 934 3543 Sedes,
955 3480 976 3532 si
998 3480 1038 3532 vis
1051 3492 1081 3532 tu
1098 3481 1165 3552 ipsu.

131 3563 192 3630 748.
204 3566 263 3628 Quis
274 3565 302 3614 id
309 3567 364 3614 ait?
374 3563 477 3618 Scilicet
486 3581 529 3616 me
537 3581 610 3616 rece·
653 3593 689 3604 —-
701 3565 776 3624 Cedo,
785 3559 837 3613 dic.

99 3651 256 3710 ptaretuum
265 3642 488 3708 tilium-Mene,
494 3641 608 3694 subaud.
690 3642 749 3710 754.
765 3644 823 3691 Eas.
835 3640 974 3712 Snbjunct.
985 3658 1018 3692 ex
1032 3641 1076 3699 ire,
1085 3659 1121 3688 eo.
1132 3669 1167 3679 -

98 3734 194 3793 recept.
210 3723 249 3774 fit.
262 3721 324 3774 Vid.
336 3719 373 3774 vs.
388 3723 610 3792 743‚-Abduxit.
656 3723 699 3772 Ad
712 3722 831 3772 mulieres.
853 3721 1039 3773 Philumenam
1056 3730 1082 3770 et
1092 3719 1167 3790 Myr·

99 3797 217 3872 Proprie.
225 3803 322 3851 Abduci
328 3801 398 3852 enirn
406 3799 541 3865 dicuntur,
551 3821 611 3872 qun
656 3799 771 3852 rhinam.
782 3804 901 3864 -Istue‚
909 3797 981 3870 quod
992 3795 1169 3870 mihipolliele-

100 3871 609 3950 avirisautparentibusabstrahuntum
656 3880 738 3931 baris.

99 3959 310 4012 maximetemen
319 3959 438 4012 libidinis
452 3977 542 4011 causa.
558 3963 611 4012 We.
694 3960 754 4028 755.
768 3963 812 4010 Iis.
825 3959 857 4009 C.
870 3957 902 4009 G.
917 3976 953 4008 m.
969 3959 1024 4008 hiis.
1037 3991 1068 4000 -
1080 3962 1168 4023 Exple.

100 4037 184 4091 —Sic
198 4039 262 4091 item
277 4043 349 4090 Suet.
364 4040 431 4109 Aug.
450 4041 493 4108 69,
510 4049 535 4090 et
545 4039 613 4092 Just.
659 4039 708 4090 Hic
722 4042 821 4106 explere
837 4035 1022 4108 accipiendum
1036 4056 1084 4108 pro
1100 4039 1172 4088 satis-

951 4133 1012 4234 14³
