2812 4788
231 361 294 408 122
457 339 635 410 PUBLII
659 337 907 410 TERENTII
928 339 1050 408 AFRI

1401 311 1402 348 l

226 475 300 568 Ego
319 472 399 542 istos
415 469 510 541 vobis
523 495 627 565 usque
638 495 658 538 a
670 472 781 566 pueris
793 471 907 540 curavi
915 465 1033 540 ambos
1044 469 1157 542 sedulo
1173 498 1181 542 :

228 578 356 664 Docui,
378 579 510 662 monui,
529 575 614 646 bene
627 579 769 673 praecepi
783 602 929 673 semper,
946 599 1018 672 quae
1039 579 1150 672 potui,
1164 579 1295 648 omnia

227 687 292 755 Dn.
303 686 370 754 Res
379 697 532 779 apparet:
544 697 577 752 et
583 683 716 778 quidem
727 707 828 778 porro
835 684 918 766 haec,
925 683 1089 753 obsonare
1101 704 1175 754 cum
1187 681 1273 773 fide,

224 793 378 860 Scortum
398 789 579 876 adducere,
593 814 754 884 apparare
771 789 812 860 de
825 788 878 859 die
897 783 1107 859 convivium:
1249 827 1298 868 9⁷0

224 901 301 968 Non
310 895 484 965 mediocris
498 895 640 964 hominis
659 895 731 965 heo
751 910 829 966 sunt
845 890 964 966 officia.
982 898 1063 966 Sua.
1085 899 1117 965 Ο
1140 893 1296 990 lepidum

384 997 504 1096 caput!

226 1099 292 1178 Dr..
313 1110 500 1196 Postremo,
522 1103 627 1177 hodie
646 1108 680 1176 in
705 1105 840 1204 psaltria
853 1103 918 1176 hae
929 1106 1072 1177 emunda
1084 1106 1139 1175 hic
1154 1105 1296 1202 adjutor

384 1213 465 1301 fuit,

225 1319 288 1388 Hic
307 1321 437 1389 curavit
456 1345 463 1388 :
485 1317 642 1414 prodesse
656 1323 862 1415 aequum’st3
879 1317 933 1388 alii
953 1315 1104 1386 meliores
1124 1332 1243 1388 erunt.⁴

226 1426 378 1521 Denique
397 1425 452 1495 hic
470 1424 541 1494 volt
559 1423 640 1504 fieri.
658 1425 742 1496 M1c.
764 1427 841 1496 Vin'
866 1439 903 1494 tu
923 1425 989 1495 hoc
1006 1421 1104 1492 fieri?
1127 1421 1192 1494 AEs.
1216 1426 1292 1494 Cu·

383 1533 449 1626 pio.
469 1533 553 1602 Mle.
572 1533 607 1599 Si
621 1530 753 1627 quidem

225 1641 275 1706 Tu
286 1639 354 1729 vis,
369 1640 465 1732 Syre,
479 1639 542 1708 eho
559 1637 679 1708 accede
691 1637 758 1708 huc
771 1637 878 1706 adme
893 1661 901 1705 τ
917 1634 999 1705 liber
1009 1650 1090 1705 esto.
1103 1629 1181 1706 Sra.
1195 1638 1292 1704 Bene

383 1742 472 1814 facis.
1063 1827 1066 1834 ,
1218 1765 1220 1768 ’
1243 1771 1290 1824 97⁵

224 1849 389 1918 Omnibus
400 1852 539 1944 gratiam
550 1850 673 1936 habeo,
685 1862 719 1918 et
730 1873 877 1919 seorsum
889 1847 948 1916 tibi
960 1860 1118 1942 praeterea
1126 1848 1287 1934 ,Demea

224 1953 289 2022 ΒΕ.
307 1954 454 2024 Gaudeo.
471 1953 537 2024 AEs.
559 1957 603 2024 Et
631 1981 704 2051 ego.
730 1959 809 2026 Sra.
828 1947 959 2026 Credo:
980 1954 1107 2022 utinam
1125 1953 1191 2022 hoc
1211 1959 1291 2048 perf.

379 2071 517 2155 petutim
531 2059 589 2130 fiat
605 2062 782 2154 gaudium:

1401 2501 1402 2544 l

1401 3307 1402 3340 l

223 2186 358 2261 scriptum.
371 2192 458 2242 Per-let.
470 2193 638 2258 -Quodnam
652 2193 681 2241 ob
684 2191 732 2256 sa·
774 2191 855 2244 verba
879 2185 941 2260 Syri
964 2187 1084 2241 indicant
1102 2182 1292 2248 subridentem

222 2267 400 2336 otadsi’lure;
422 2266 537 2322 adscribi
554 2267 624 2320 enim
638 2287 730 2322 causas
774 2269 832 2323 heo
849 2267 946 2322 dixisse
963 2269 1099 2321 Demeam.

223 2347 436 2401 manumissionis
446 2348 473 2400 in
482 2347 666 2420 jurelbrmula
681 2359 728 2402 est.
810 2344 1046 2418 972.Adjutor.1n
1058 2364 1088 2398 re
1100 2341 1167 2398 bona
1183 2345 1284 2414 soluto·

221 2432 287 2480 Doo.
296 2457 331 2466 -
340 2432 430 2488 Multa,
440 2428 475 2480 ob
485 2427 568 2479 multa
579 2426 658 2479 facta.
773 2447 823 2491 res,
838 2427 866 2479 in
879 2444 908 2478 re
915 2425 984 2477 mala
993 2427 1136 2492 impulsores
1146 2423 1283 2478 dicuutur.

257 2509 317 2576 967.
338 2511 401 2558 Istos
418 2509 511 2558 ambos.
527 2506 681 2560 AEsohinum
702 2518 728 2560 st
807 2509 867 2578 973.
883 2507 991 2558 carravia·
1000 2506 1102 2558 Curam
1121 2501 1201 2555 animi
1212 2519 1284 2574 pm·

221 2583 417 2656 Ctesiphonem.
426 2617 463 2627 -
473 2589 560 2648 Vobis,
575 2585 604 2638 in
614 2595 727 2640 vestram
770 2585 838 2640 buit.
848 2617 884 2627 —
895 2587 1016 2637 Prodesse
1038 2585 1175 2653 oeqaura¹st.
1195 2580 1284 2652 signi-

219 2664 392 2736 voluptatem.
770 2665 848 2727 licat,
861 2683 957 2732 aquam
976 2681 1031 2716 esse
1044 2659 1071 2714 id
1086 2657 1160 2734 quod
1172 2677 1283 2730 operam

255 2747 315 2812 969.
325 2749 371 2795 Res
380 2735 491 2814 apparot.
499 2744 566 2798 Mire
574 2740 667 2798 irridet
675 2748 727 2798 De·
770 2743 898 2798 AEsehiuo
911 2734 1064 2802 novaverit,
1074 2744 1191 2809 prodesse
1203 2737 1280 2811 Syro.

220 2840 295 2884 mea,
311 2822 348 2874 sic
366 2835 453 2875 tamen
466 2835 497 2874 ut
517 2824 584 2875 serio
598 2842 676 2893 agere
689 2823 728 2875 vi·
770 2825 868 2876 —Alii
877 2825 986 2874 meliores
996 2835 1075 2872 amnt.
1084 2817 1136 2870 Alii
1146 2817 1224 2881 servi,
1234 2817 1282 2870 ubi

219 2899 322 2952 deatur.
342 2906 408 2954 Don.
433 2931 469 2942 -
486 2904 517 2950 Et
537 2905 633 2968 quidem
652 2922 726 2968 porro
769 2896 899 2954 videbunt
915 2901 1012 2972 Syrum
1031 2894 1151 2972 libertate
1167 2896 1280 2959 donat,

219 2983 280 3031 lsoeo.
298 2979 411 3044 Quaeso.
428 2991 583 3050 sequuntur.
599 3011 635 3020 -
650 2983 726 3032 Obso·
768 2981 918 3051 eademspe
931 2977 1228 3043 dissimulassemus.

219 3077 281 3109 aare
302 3077 357 3108 cam
366 3058 441 3128 fids,
461 3069 550 3129 empta
571 3058 598 3110 in
622 3061 681 3112 foro
694 3077 726 3114 ae
806 3067 866 3128 974.
880 3060 933 3110 Hic.
946 3057 1204 3112 AEschinus.—Volt.
1218 3055 1282 3119 Qua

157 3201 160 3208 Ι
217 3129 327 3196 macello
337 3135 448 3190 fideliter
464 3135 574 3190 domum
583 3137 690 3190 referre.
769 3147 799 3190 re
811 3137 981 3200 confirmata,
995 3136 1062 3190 libet
1071 3135 1219 3189 conficitur.

253 3234 313 3287 970.
333 3221 371 3268 De
383 3219 431 3270 die.
450 3217 513 3280 Alii,
525 3221 556 3268 de
569 3220 641 3269 disin
653 3221 724 3270 diem.
796 3215 866 3288 '975.
875 3221 928 3269 Elio
939 3235 992 3270 ace.
1004 3219 1051 3268 liuo
1060 3221 1097 3268 od
1104 3235 1152 3268 me.
1160 3211 1225 3267 Haec
1233 3231 1281 3266 au·

217 3326 254 3336 -
276 3299 384 3347 Scortum
412 3299 504 3349 adduc.
527 3308 559 3348 ut
587 3295 633 3348 hio
658 3297 726 3368 psal·
769 3288 846 3349 diens
857 3294 937 3368 Syrus
950 3295 1045 3349 adsilit.
1059 3293 1138 3347 Unde
1151 3291 1280 3347 continuo

215 3373 302 3427 triam.
310 3379 478 3442 -Apporare
491 3379 522 3428 de
532 3371 571 3426 dis
582 3379 723 3430 convivium.
769 3373 851 3429 Micio
861 3414 868 3440 ,
879 3379 939 3428 liber
951 3387 1015 3442 esto,
1025 3374 1121 3448 inquit.
1133 3375 1174 3426 Ita
1189 3383 1279 3426 autem

216 3451 347 3524 Epulari‚
366 3473 493 3525 apparare
514 3454 664 3508 convivium
691 3455 725 3510 de
769 3455 868 3510 solebat
885 3455 962 3510 lieri:
984 3473 1076 3510 servus
1099 3447 1133 3508 ab
1149 3445 1215 3508 bero
1228 3453 1278 3506 olr-

215 3529 389 3604 die,semper
401 3532 472 3604 apud
483 3531 603 3604 antiquos
617 3535 724 3589 Graecos
768 3537 963 3607 cumagebatur,
986 3553 1081 3588 manus
1111 3533 1193 3604 capiti
1219 3536 1279 3606 ejus

214 3619 241 3664 et
256 3609 388 3664 Romanos
405 3611 495 3664 datum
518 3612 582 3665 'vitio
601 3613 668 3681 fuit,
693 3629 723 3668 ut
766 3615 987 3688 imponebantur,
1001 3613 1128 3687 colaphus
1143 3613 1167 3665 ei
1182 3613 1279 3684 impin-

215 3687 423 3763 intemperantiae
443 3703 470 3743 et
487 3692 565 3744 luxus
583 3709 722 3764 argumen·
766 3697 887 3764 gebatur,
903 3706 927 3746 et
942 3696 997 3766 ipse
1009 3711 1092 3746 manu
1109 3693 1279 3745 emittebatur

215 3779 282 3823 tum.
488 3781 491 3790 ⁴
765 3773 806 3826 his
824 3771 928 3838 verbis,
943 3775 1003 3825 liber
1012 3787 1071 3824 osto.

251 3867 310 3920 971.
322 3855 377 3902 Non
389 3871 420 3904 m.
431 3855 497 3904 tom.
505 3853 529 3902 t.
538 3865 594 3902 sant
603 3849 721 3920 0,Repe-
801 3853 911 3922 977.Dn.
923 3855 1033 3903 Gaudeo.
1042 3857 1097 3906 AEs.
1105 3857 1198 3918 Etego.
1210 3849 1279 3902 Gra·

213 3923 280 3979 titur
294 3929 349 3981 lere
366 3949 412 4000 per
424 3931 606 4002 pleonasmum
620 3931 673 3981 lroeo
690 3949 721 3982 ex
764 3930 976 4004 tulantiumSyro
989 3932 1046 3984 haec
1058 3932 1139 3984 verba
1148 3927 1278 3999 suntqui-

215 4023 292 4058 versu
306 4009 366 4076 969.
375 4013 553 4077 -Olepidum
563 4007 720 4078 capatJHaeo
764 4009 814 4063 bus
831 4009 865 4062 de
879 4029 954 4063 more
967 4009 1011 4063 ille
1030 4015 1103 4064 eredo
1120 4005 1276 4080 respondet.
