2864 4776
313 333 591 421 ,encauto
617 329 729 402 tor.
756 329 801 416 r,
825 328 893 400 sc.
919 329 991 400 111.
1125 329 1190 402 321

120 472 188 540 Cn.
208 471 283 539 Jam
302 481 403 536 recte.
419 467 487 536 Do.
499 463 593 553 Quid
611 460 671 531 tu?
683 459 803 556 ecquid
820 457 952 532 locutus
968 485 1045 536 oum
1063 463 1126 542 ista
1144 491 1193 551 es,

282 572 499 668 quamobrem
518 571 606 639 hanc
624 565 801 638 ducimus?

121 685 188 752 Gn.
211 683 380 774 Transegi.
398 681 464 748 Du.
483 676 576 766 Quid
592 678 638 745 ait
651 657 811 749 tandem?
825 677 893 745 CH.
909 673 1040 744 Abduci
1054 701 1123 767 non
1136 703 1195 772 po-

280 800 355 855 test.
378 787 443 854 Du.
463 784 533 872 Qui
555 808 623 852 non
644 779 775 876 potest?

120 895 188 962 Cn.
202 893 292 982 Quia
303 906 443 986 uterque
455 891 587 984 utrique
604 887 766 976 estoprdi.
782 888 848 956 De.
860 885 951 974 Quid
962 887 1048 957 istuc
1060 883 1194 960 nostra?

282 1001 349 1068 CH.
368 999 508 1094 Magni:
530 1009 652 1090 praeter
674 994 770 1078 haec,
1261 1000 1264 1004 ’

119 1109 310 1201 Cognatam
340 1105 489 1197 comperi
506 1127 584 1172 ,esse
607 1101 712 1171 nobis.
740 1101 809 1168 Du.
834 1093 941 1189 Quid!
965 1096 1108 1170 deliras?
1127 1103 1194 1172 Cn.

141 1219 154 1226 Ψ
249 1217 250 1220 ¹
279 1211 333 1280 Sic
354 1211 426 1280 erli-
446 1295 448 1298 ι
1157 1226 1196 1265 eoo

117 1321 204 1392 Non¹
218 1332 345 1388 temere
366 1315 462 1386 dico:
481 1313 553 1383 redi
571 1335 703 1382 mecum
721 1312 757 1378 in
777 1311 982 1380 memoriam.
1003 1311 1070 1381 Dn.
1089 1315 1192 1384 Satin’

279 1448 378 1493 sanus
400 1409 462 1492 es?

117 1530 162 1601 N.
187 1525 257 1600 Au!
281 1530 442 1627 obsecro,
461 1547 603 1596 caverre
624 1525 659 1592 in
678 1535 856 1616 cognatam
877 1545 1005 1616 pecces.
1029 1525 1096 1593 Dn.
1115 1525 1194 1598 Non

279 1651 340 1706 est.
361 1638 426 1704 CH.
443 1631 497 1700 Ne
517 1654 613 1725 nega.
698 1697 700 1705 ,

118 1745 363 1814 Patrisnomen
379 1738 468 1810 aliud
486 1738 680 1816 dictumest
698 1760 706 1802 :
725 1735 793 1804 hoc
813 1747 851 1801 tu
871 1735 996 1802 errasti.
1025 1736 1090 1806 Da.
1116 1740 1193 1808 Non

278 1862 376 1918 norat
397 1839 552 1942 patrem?
1185 1917 1187 1920 ᾖ

116 1959 184 2028 Cu.
202 1955 319 2026 Norat.
343 1956 407 2024 Du.
426 1956 497 2022 Cur
512 1949 601 2018 aliud
620 1944 813 2016 dixittcsr.
841 1947 1066 2040 Nunquamne
1087 1948 1190 2022 hodie

278 2059 441 2138 concedes
458 2057 559 2144 mihi,

115 2171 235 2264 Neque
255 2163 439 2262 intelliges?
458 2166 525 2233 Dn.
555 2161 590 2230 Si
611 2173 650 2229 tu
671 2155 717 2227 nil
739 2181 864 2228 narras.¹
900 2158 965 2227 Cn.
988 2159 1129 2256 Pergis?
1148 2167 1190 2237 N,

274 2275 401 2356 Miror,
416 2269 497 2366 quid
512 2269 579 2338 hoe
595 2267 664 2336 sict.
1156 2286 1193 2324 aas

151 2443 215 2499 797.
229 2431 286 2476 Iam
295 2437 368 2488 recte,
381 2439 460 2494 supp.
472 2421 582 2473 factum.
594 2415 627 2469 Id
674 2418 999 2470 Weste—Soain'sanusesr’
1011 2415 1189 2490 Nequaquam
1299 2445 1303 2456 =

113 2507 192 2579 quasi
201 2516 348 2574 retractans
360 2502 425 2556 dicit
437 2519 444 2552 ε
458 2498 627 2562 benehabet,
671 2493 780 2548 credere
791 2505 877 2564 potest
895 2495 1029 2566 Demipho
1047 2497 1139 2563 illam,
1155 2500 1188 2554 de

113 2585 219 2658 gaudeo
231 2581 504 2647 datum—Ecquid,
521 2588 569 2630 etc.
585 2577 628 2627 An
671 2591 722 2645 qua
747 2590 810 2625 cum
833 2573 995 2626 Phormione
1017 2585 1072 2626 tam
1093 2580 1189 2633 acriter

81 2663 85 2668 ’
111 2665 204 2720 dixisti
216 2663 335 2725 Phanio,
346 2679 406 2733 quae
423 2675 503 2712 causa
524 2657 557 2709 sit
579 2671 627 2707 cnr
671 2650 853 2716 contenderit,
865 2665 891 2704 et
904 2671 985 2724 quam
1002 2652 1058 2723 ipse
1074 2656 1187 2712 voluerit

112 2764 175 2800 eam
193 2741 348 2818 ejiciamus?
369 2769 404 2779 -
422 2743 512 2800 Hane,
530 2751 628 2804 nempe
670 2730 814 2802 prohibere
830 2729 925 2793 domo,
943 2730 995 2796 sibi
1014 2751 1072 2786 esse
1089 2754 1186 2808 cogna.

111 2813 197 2880 filiam
204 2823 284 2878 amici
293 2819 388 2885 nostri,
401 2818 418 2870 i.
428 2837 452 2870 e.
462 2826 547 2868 tuam.
556 2813 627 2865 Usus
670 2822 735 2864 tam
748 2809 816 2863 Inde
824 2811 948 2884 obstupet
957 2812 1009 2866 hac
1017 2832 1046 2866 re
1057 2815 1159 2870 audita.

112 2917 155 2957 est
168 2901 338 2978 pronomine,
353 2911 410 2950 tum
423 2897 451 2949 in
465 2903 583 2955 renota,
597 2901 627 2944 ut
707 2889 768 2942 802.
790 2893 859 2942 cave.
880 2889 941 2944 Lib.
960 2893 1043 2966 antiq.
1064 2897 1131 2947 vide.
1149 2929 1185 2940 -
1210 2902 1215 2908 '

112 2997 260 3058 supe,tum
270 2981 305 3035 ad
313 2975 544 3034 dissimulandum.
550 2975 627 3024 Boecl.
670 2973 770 3032 Pecces,
783 2987 815 3021 ea
829 2986 865 3023 sc.
879 2967 960 3024 domo
978 2973 1068 3045 ejecta.
1081 2982 1184 3030 -Non

148 3065 212 3136 798.
227 3063 279 3130 Qui
288 3080 337 3114 non
348 3074 399 3127 pot.
419 3057 461 3108 nl.
480 3054 532 3125 leg.
544 3053 626 3120 quide
671 3062 715 3112 est,
727 3067 805 3120 supp.
812 3061 934 3118 cognata.

111 3167 164 3198 non
174 3151 274 3214 potesta²
286 3170 318 3179 -
332 3139 449 3206 namegi
457 3176 465 3202 ‚
482 3133 533 3187 seci
552 3127 625 3204 quod
707 3128 767 3180 803.
781 3129 878 3191 Aliud,
890 3145 972 3199 quam
985 3141 1182 3200 revereat,-

110 3225 231 3298 optabas.
247 3251 282 3262 -
295 3221 408 3282 Abduci,
421 3218 456 3269 ab
468 3211 625 3283 Antiphone.
669 3211 733 3271 Hoc,
744 3205 780 3258 ob
793 3223 851 3258 eam
865 3223 982 3257 causam.
994 3237 1029 3246 —
1041 3213 1098 3260 Non
1109 3228 1185 3265 norae

148 3321 211 3375 799.
239 3307 296 3352 Uter
323 3299 427 3365 utrique.
452 3291 572 3363 Antipho
601 3301 626 3342 et
664 3285 943 3355 patr.Nonneociebat
952 3285 1012 3354 quis
1021 3299 1181 3356 pateresset,

108 3378 400 3446 Phanium-Quidue
408 3397 436 3428 n.
446 3373 628 3444 Supprefert.
706 3365 768 3426 804·
780 3368 829 3416 Gur
839 3368 874 3416 al.
883 3365 971 3414 dixit?
982 3363 1063 3437 Supp.
1075 3386 1183 3423 nomen.

146 3465 210 3518 800.
220 3463 358 3530 Cognatam
365 3475 446 3522 comp.
457 3451 626 3522 &Sophrona
670 3473 707 3484 —-
719 3445 854 3504 concedes,
868 3441 1022 3496 consenties.

108 3542 221 3596 scilicet,
233 3539 319 3611 Supra
339 3555 378 3592 vs,
395 3535 458 3606 754.
471 3562 507 3573 -
519 3533 559 3582 sic
574 3531 625 3582 eric.
707 3521 769 3575 805.
784 3523 877 3590 Pergis.
888 3520 947 3574 Lib.
962 3520 1033 3572 Vict.
1039 3527 1135 3590 perdis.
1147 3559 1182 3570 .-

108 3624 170 3676 Hoc
181 3639 275 3675 verum
284 3635 341 3672 esse
349 3613 507 3688 reperietur.
658 3603 742 3666 luel.
757 3601 824 3652 Rem
836 3599 921 3671 ipsam
938 3611 1027 3652 mente
1039 3602 1136 3672 capies.
1149 3637 1182 3650 .-

146 3701 208 3754 801·
228 3703 290 3753 agdi
307 3689 401 3750 mscum
418 3698 442 3746 2¹12
467 3711 537 3746 mem,
557 3688 626 3742 Vult
670 3683 733 3733 Sim
744 3679 958 3744 ffliMW-‘QuaSl
970 3677 1086 3733 diceret:
1101 3683 1183 3739 “Non

107 3781 184 3836 enim
198 3767 556 3843 meminimfmoemuid
565 3788 626 3822 nar.
671 3757 796 3834 equidem
810 3759 969 3831 intelligam,
990 3759 1014 3811 si
1024 3761 1093 3814 nihil
1104 3766 1182 3836 quid.
1244 3793 1247 3798 -

106 3860 209 3914 raverit
222 3859 246 3912 ei
260 3857 294 3912 de
307 3859 387 3912 altera
402 3871 487 3908 uxore
499 3848 625 3908 Lemnia,
670 3858 750 3912 quam
763 3837 831 3892 mihi
842 3838 925 3892 dicas·
933 3864 946 3884 ⁸
957 3843 1097 3908 -Pergis,
1107 3862 1185 3918 supp.

107 3952 191 4012 atque
208 3937 271 3990 iude
281 3948 343 3990 nata
356 3933 423 3988 filia.
434 3929 570 4000 Demipho
580 3945 625 3980 au·
670 3918 760 3972 adhuc
785 3917 852 3971 mihi
871 3917 1015 3971 adversari·
1037 3925 1078 3960 -'
1095 3928 1183 3981 Miror.

10 4007 12 4010 ¹
107 4024 164 4064 tem
190 4022 218 4063 et
236 4007 328 4062 tardus
345 4019 373 4060 et
392 4006 562 4078 importunus
576 4009 623 4052 est.
670 3998 776 4053 Nescio.
791 3995 923 4068 Loquitur
934 4014 1033 4050 secum.

165 4123 216 4191 II.
785 4117 802 4182 ,’
1008 4133 1049 4177 at
