2864 4776
149 372 1221 407 mmmmmvnwwwwwbwsmmwswwp'uvwmmmmwwu

493 547 877 681 urrunnun*

307 767 659 890 IMITATIONIS
700 824 729 890 E
770 825 1075 914 ΟΟΜΟΕΒΙΑ,

241 1001 383 1100 Quin
409 1019 448 1080 v,
474 1017 510 1081 u.
536 997 780 1085 numeru
808 1021 1127 1098 insculpere:

442 1179 779 1241 znsrounnnnursnu
797 1193 926 1244 scurrn.
1019 1171 1021 1174 ’

204 1374 277 1441 Etsi
304 1369 415 1440 multis
441 1372 476 1438 in
503 1369 583 1439 locis
609 1368 756 1440 Gallicus
783 1349 900 1439 auctor
921 1373 1114 1441 Terentium
1140 1377 1217 1445 satis
1270 1452 1276 1456 ,
1391 1381 1393 1390 ’

150 1475 293 1547 fideliter
310 1489 533 1571 representet,
543 1501 612 1545 non
625 1490 737 1545 tamen
751 1475 904 1544 eumdem
916 1479 950 1546 in
964 1479 1101 1548 modurn
1116 1483 1216 1551 totius

151 1581 261 1653 latinae
288 1581 407 1652 fabulae
432 1605 596 1651 summam
616 1583 785 1676 expressit.
810 1583 894 1670 Quae
915 1585 950 1652 in
974 1585 1129 1653 Terentio
1151 1596 1218 1657 tres

150 1689 238 1757 inter
262 1689 431 1772 homines,
454 1691 574 1758 Getam
597 1713 641 1757 se.
664 1687 866 1772 Phaedriam,
901 1703 935 1757 et
963 1685 1217 1779 Phormionem,

150 1793 343 1889 dispertitur
365 1818 468 1888 opera
491 1793 753 1864 deludendorum
779 1818 914 1880 senum,
935 1794 1024 1875 solus
1049 1821 1122 1864 earn
1149 1799 1217 1869 suis
1280 1835 1287 1850 =

150 1903 290 1969 sustinet
300 1901 446 1969 humeris
455 1900 554 1969 heros
573 1899 742 1970 cornoediae
760 1899 896 1970 Gallicae
908 1902 1041 1994 Scapin
1049 1925 1064 1984 ,·
1075 1917 1109 1970 et
1127 1903 1216 1974 solus

139 2007 276 2074 'invenit
287 2005 452 2093 fraudem,
466 2029 539 2100 quae
558 2007 681 2100 nuptiis
700 2005 915 2075 adolescentis
926 1994 1145 2100 praeterietur3
1163 2035 1213 2078 so·

150 2110 201 2182 lus
226 2113 375 2206 emungit
403 2127 541 2206 argento
572 2133 687 2188 senes:
712 2112 869 2206 equibus
890 2110 1030 2180 alterum
1053 2127 1215 2206 praeterea

151 2211 304 2286 ridiculo
320 2215 376 2288 illo
391 2217 554 2287 inclusum
569 2242 666 2321 saecu
684 2216 789 2312 plagis
806 2219 924 2313 operit,
940 2232 974 2286 et
985 2219 1116 2312 egregie
1126 2217 1213 2288 lum·

150 2323 210 2395 bos
232 2323 319 2394 fuste
335 2323 434 2393 dolat.
453 2324 609 2399 Vividior
623 2319 765 2418 denique
781 2325 894 2418 magni
912 2321 1045 2392 Molerii
1058 2325 1163 2413 aetio,
1178 2340 1214 2395 et

151 2429 265 2498 eadem
289 2429 433 2525 plenior,
459 2455 531 2524 quae
553 2430 677 2510 scilieet
698 2421 831 2524 aptius*
853 2431 888 2496 in
915 2429 1018 2516 duas,
1046 2455 1109 2524 pro
1131 2429 1214 2500 duo·

149 2535 212 2606 bus
228 2536 422 2630 juvenibus,
447 2549 558 2630 partes
575 2535 753 2606 scindatur.

451 2754 585 2823 nuru
610 2755 644 2838 1,
666 2733 834 2823 scinu
856 2749 904 2821 n.

621 2920 745 2959 OCTAVE.

190 3023 237 3078 Tu
248 3018 317 3090 sais,
326 3015 447 3096 Scapin,
463 3014 533 3094 qu'il
544 3002 593 3090 y'a
605 3013 684 3071 deux
697 3011 771 3070 mois
784 3031 841 3089 que
854 3013 881 3070 le
895 3013 1030 3091 seigneur
1043 3010 1170 3075 Gerunte
1184 3029 1213 3074 et

148 3129 219 3168 mon
233 3111 303 3188 pere
319 3107 566 3186 s'ernbarquerent
579 3103 725 3164 ensemble
745 3124 822 3183 pour
840 3125 880 3162 uu
893 3121 1005 3184 voyage
1023 3106 1074 3183 qui
1090 3107 1212 3184 regende

150 3203 258 3262 certain
273 3220 432 3260 commerce
445 3192 485 3258 eii
497 3201 574 3258 leurs
585 3199 703 3256 inte'rets
716 3211 782 3257 sont
795 3197 905 3276 mele's(
926 3196 946 3276 ).

621 3323 731 3360 scinu.

187 3394 221 3447 Je
236 3387 292 3446 seis
307 3386 376 3444 cela.
440 3401 442 3407 ’
487 3409 489 3416 ⁴

182 3629 195 3654 *
209 3627 274 3676 Huic
283 3626 344 3673 vitio
356 3623 438 3671 latinae
448 3620 537 3669 fabulae
550 3621 656 3668 occurrit
669 3629 741 3666 neena
754 3616 837 3666 addita
844 3651 852 3678 ,
865 3632 938 3682 quam
951 3617 1084 3679 adjecimus
1097 3619 1123 3666 in
1136 3617 1209 3669 finem

147 3725 217 3763 uetur
230 3711 328 3776 quinti,
341 3708 386 3756 ubi
399 3705 470 3766 vide,
486 3720 542 3769 pag.
554 3705 603 3761 348
619 3714 644 3752 et
659 3719 727 3767 seqq.

183 3851 222 3920 (ι)
240 3853 304 3900 Gur.
317 3849 419 3905 Evenit,
434 3845 532 3894 renibus
545 3843 664 3892 ambobus
677 3842 747 3892 simul

234 3936 510 3999 Iter,illiinLemnum
522 3941 550 3980 ut
558 3943 636 3994 esset,
649 3943 734 3980 nostro
745 3931 771 3980 in
782 3930 899 3982 Cilicium.
937 3931 1007 3978 Eur.
1022 3929 1056 3978 65
1070 3929 1102 3980 ad
1114 3947 1155 3982 vu.¹
1167 3933 1210 3982 68.
1245 3954 1250 3972 r

232 4047 282 4113 II.
349 4061 352 4066 ’
740 4105 746 4116 ,
1027 4034 1074 4107 23
