2812 4788
286 337 536 410 ,suumn
570 341 675 411 sor.
704 341 937 428 1v‚so.v.
978 309 980 316 ’
1049 363 1051 372 ’
1110 341 1158 437 95

93 470 186 564 Quid
200 473 296 543 fieret
308 471 399 567 iqua
413 471 532 542 fieret?
542 475 569 542 si
580 487 613 542 te
625 473 734 568 ipsum
746 473 828 541 mihi
839 473 958 568 puduit
969 471 1097 558 dicere,

94 583 173 676 Qun
188 577 427 650 resciscerem?
443 579 514 648 hmo
529 579 609 648 dum
625 577 772 666 dubitas,
794 605 923 651 menses
940 579 1092 650 abierunt
1105 579 1162 650 de-

257 711 339 756 cem.
414 680 418 688 “
743 731 747 740 .
1123 703 1174 761 οφ·

95 792 274 864 Prodidisti
285 805 319 859 et
329 804 377 871 te,
389 804 423 859 et
435 788 523 859 illam
536 791 706 878 miseram,
717 805 750 860 et
759 805 913 897 gnatum,
927 791 1017 888 quod
1029 793 1162 886 quidem

256 898 290 965 in
308 911 341 965 te
357 895 428 965 fuit.

99 1002 214 1092 Quid?
225 1002 397 1086 credebas,
412 1001 588 1071 dormienti
605 1001 677 1082 haec
691 1002 750 1070 tibi
760 1001 975 1073 confecturos
986 1001 1099 1073 Deos?

97 1113 139 1180 Et
161 1107 253 1179 illam
277 1109 346 1178 sine
373 1122 431 1177 tua
449 1131 551 1203 opera
571 1111 607 1178 iu
626 1107 816 1178 cubiculum
837 1109 878 1176 iri
898 1109 1078 1180 deductum
1101 1109 1162 1180 do·

258 1213 377 1282 mum?
419 1259 424 1273 ·
483 1245 484 1252 ¹
532 1217 534 1220 ’

20 1333 26 1340 ’
98 1320 210 1392 Nolim
228 1334 422 1390 oaeterarum
439 1341 549 1389 rerum
567 1334 600 1390 te
618 1319 790 1390 socordem
809 1320 926 1404 eodem
943 1321 1054 1391 modo.

99 1431 192 1498 Bono
202 1428 313 1496 animo
325 1451 376 1514 es,
394 1426 494 1494 duces
505 1451 642 1496 uxorem
655 1426 754 1495 hanc.
768 1428 834 1495 AEs.
849 1431 935 1498 Hem
947 1423 956 1497 i
972 1430 1054 1499 Mic.
1068 1429 1163 1497 Bono

256 1533 438 1619 animoes,
456 1533 680 1627 inquam-ffis.
696 1529 815 1602 Pater!
1121 1569 1159 1610 ,ω

100 1639 265 1723 Obsecro,
291 1664 371 1706 num
393 1637 478 1708 ludis
497 1653 534 1706 tu
554 1663 643 1708 nunc
665 1637 744 1708 me?
761 1641 846 1709 Mrc.
871 1642 943 1736 Ego
964 1637 1024 1708 te?
1043 1667 1163 1736 quam-

168 1829 172 1840 *
257 1743 393 1816 obrem?
411 1745 476 1812 AEs.
497 1746 642 1814 Nescio:

99 1851 170 1920 Nisi
192 1851 272 1944 quia
288 1865 357 1918 tam
380 1851 585 1920 miserebor
611 1875 682 1920 esse
707 1851 806 1945 cupio
824 1873 966 1954 verum,
980 1875 1021 1921 eo
1043 1877 1163 1926 vereor

255 1958 371 2051 magis.
437 1979 442 1989 ·

102 2063 184 2134 Mic.
199 2061 264 2132 Abi
276 2060 432 2148 domum,
450 2087 495 2136 so
504 2065 595 2134 Deos
608 2059 821 2156 comprecare
831 2114 841 2148 ,
852 2076 891 2132 ut
903 2087 1042 2134 uxorem
1056 2089 1163 2138 arces·

258 2192 337 2238 sas:
359 2169 422 2238 abi.

103 2401 243 2474 quomodo,
252 2404 367 2459 subaudi
379 2405 436 2470 vir,
447 2405 489 2460 rel
497 2405 607 2460 ratione.
652 2403 832 2476 negligentem
850 2403 877 2454 in
895 2403 997 2458 suteris
1018 2403 1106 2458 rebus.
1130 2404 1162 2458 In

137 2487 197 2551 694.
209 2488 277 2552 Quid
274 2489 358 2556 fieret.
368 2485 421 2536 Ms.
430 2485 487 2538 Per.
494 2483 568 2538 addit
575 2499 609 2536 ee.
652 2483 737 2535 Tacit.
749 2481 817 2534 Hist.
829 2482 885 2542 111,
906 2487 954 2548 31,
972 2482 1059 2554 legere
1074 2495 1115 2537 est
1126 2503 1165 2536 ro·

137 2563 195 2630 695.
212 2569 276 2629 Qua,
286 2583 335 2635 per
348 2583 416 2634 quos
426 2563 478 2616 Ρ-
485 2569 610 2616 Haedum
653 2563 845 2628 cordemsurun'.

106 2643 202 2696 dubitas.
223 2647 294 2697 Dum
312 2643 397 2696 haeres
417 2642 610 2714 inscius,quid
690 2658 750 2710 70⁰·
770 2645 877 2690 Uxorem
893 2640 965 2690 bane.
977 2639 1098 2690 Doustns
1110 2657 1164 2691 non

106 2721 235 2780 interbaec
248 2722 283 2774 sit
294 2721 435 2793 egendum.
653 2717 774 2788 agnoscit
791 2721 864 2768 hano.
882 2745 918 2756 »-
934 2722 1003 2767 Bono
1024 2722 1107 2768 anbno
1130 2735 1165 2768 es.

140 2803 288 2868 696.1³r0d.
307 2816 332 2853 et
343 2818 384 2865 ιο,
399 2816 431 2852 et.
447 2800 524 2853 Both.
542 2799 612 2852 delet
654 2798 770 2867 Apparet
776 2793 847 2847 flenti
855 2795 911 2848 hec
921 2795 1008 2848 omnir
1020 2795 1164 2850 dicmesse.

107 2893 131 2929 er
146 2893 174 2930 te.
187 2913 221 2924 --
233 2882 375 2932 Prodidisti.
392 2878 487 2932 Misisti
501 2878 529 2930 in
542 2877 612 2950 peri·
655 2905 691 2916 -
699 2881 760 2926 Hem
768 2881 778 2925 !
788 2875 856 2927 Cum
869 2875 932 2927 fletu
947 2887 972 2927 et
983 2875 1082 2946 gaudio
1091 2875 1166 2930 dixit.

100 2947 366 3012 *culum-Gamm.
377 2964 416 3012 Ex
424 2957 514 3012 animo
524 2975 612 3010 emm
691 2971 753 3026 701.
767 2959 831 3004 Num
840 2957 892 3006 Iud.
903 2953 967 3017 Alii,
977 2973 1028 3006 non
1038 2973 1088 3026 pro
1099 2975 1166 3016 num,

106 3038 158 3105 jam
175 3037 280 3094 videtur
294 3038 412 3110 optimus
427 3056 508 3092 senex
520 3048 612 3090 ventu·
656 3035 776 3095 -Ludis,
790 3031 944 3086 ludificaris,
954 3061 989 3074 ·-
999 3037 1104 3102 Egere?
1114 3035 1168 3087 Mn-

107 3131 163 3168 rum
173 3115 610 3184 moxadrurasflliolum.-—Qund‚
656 3131 709 3186 gun
723 3111 763 3166 ris
779 3111 977 3183 pronominum.
993 3137 1029 3154 -e-
1044 3117 1167 3182 Quamob-

107 3197 552 3268 etc.quantumintepositumfuit.
656 3213 707 3246 rem
717 3190 857 3244 luderem?

141 3275 199 3344 697.
213 3279 359 3337 Dormienti,
368 3275 397 3328 id
409 3287 461 3340 est,
472 3274 576 3329 socordi
588 3285 614 3329 et
693 3289 754 3342 7⁰¹·
768 3275 815 3323 Eo.
832 3268 902 3331 Atii,
918 3271 982 3319 ideo.
993 3297 1030 3310 -
1043 3271 1108 3321 Nisi.
1122 3271 1168 3322 In·

108 3351 334 3424 indiligenterrem
345 3354 614 3426 agenu.-u0000n·
657 3351 755 3421 relligs,
777 3348 853 3419 quasi
870 3357 1045 3418 reponeretur
1063 3353 1118 3402 rect.
1132 3373 1167 3390 -ι

105 3433 272 3496 [centonas
286 3447 344 3488 tuas
354 3445 515 3505 peracturos.
633 3469 636 3476 ,
661 3435 726 3499 Quia
746 3445 796 3481 tam
814 3431 918 3493 misere,
940 3439 989 3480 etc.
1010 3427 1069 3481 Hoc
1087 3425 1169 3482 modo

141 3514 198 3582 698.
215 3518 324 3567 Dedere.
345 3518 410 3567 dum.
437 3513 516 3568 Both.
536 3529 614 3579 mam,
658 3507 822 3580 Pamphilus,
839 3505 919 3560 Andr.
930 3505 991 3575 959,
1004 3509 1167 3574 odo-Eo,
1219 3505 1225 3522 ¹

15 3579 16 3628 i
108 3597 360 3660 proderem-In
374 3595 525 3656 cubiadmn,
539 3593 569 3645 in
582 3611 615 3644 re·
659 3587 730 3640 ideo·

108 3667 154 3722 des
165 3683 231 3726 tuns.
244 3675 327 3724 -Iri
337 3676 483 3734 deductum,
497 3673 556 3724 fore
567 3671 615 3724 de·
695 3667 756 3738 703.
770 3671 836 3718 Deos
852 3683 1012 3732 cornprscare.
1033 3664 1101 3730 Quia
1124 3681 1169 3717 or·

109 3747 270 3815 ducendam,
287 3751 361 3823 qnod
380 3751 488 3823 propris
505 3752 617 3804 verbum
659 3746 730 3800 dinis
743 3747 830 3800 iuerat
842 3745 916 3816 prius
929 3763 986 3796 rem
1000 3743 1168 3797 divinamu-

108 3825 203 3882 dicitur
219 3830 253 3884 de
264 3831 369 3902 virgine
384 3823 444 3904 qdrs
459 3831 517 3885 viro
533 3829 618 3886 conci-
661 3845 739 3890 cere,
758 3838 783 3878 et
800 3825 968 3878 sicciorem
984 3837 1123 3876 accersere.
1137 3823 1170 3876 Et

109 3906 194 3960 lirtnr.
206 3909 285 3962 ovid.
294 3911 346 3981 Ep.
357 3928 420 3976 xvr,
433 3908 493 3963 313.
661 3908 729 3960 bene
740 3905 882 3978 repetitum
896 3913 934 3954 est
951 3905 994 3954 att
1001 3939 1010 3967 ,
1026 3904 1101 3975 quasi
1117 3903 1170 3956 hsc-

143 3989 205 4055 699.
221 3992 371 4040 Gauranam
390 4007 469 4040 rerum
480 3991 616 4050 socordem,
661 3985 730 4038 renti
742 3983 914 4052 morantique.
926 3987 989 4033 Dori.
