2864 4776
271 366 354 466 312¹
408 375 419 420 'v
495 375 1141 452 PUBLHTERENTHAFRI·

266 555 1179 596 ἯἪΜΜΜΜΜᾞΜΜΜΜἊΜΕΜ
1189 572 1326 598 ΝΜ

475 742 721 850 ierus
759 746 1118 880 Qurnrus

675 971 913 998 ᾧ

572 1133 767 1228 SCENA
800 1137 1009 1228 PRIMA.

540 1345 788 1416 somnone.
811 1347 1036 1426 CHREMES.

262 1538 318 1606 So.
340 1481 466 1636 Qum
480 1530 596 1625 agam?
607 1555 706 1626 quem
718 1531 765 1600 mi
776 1532 918 1604 amicum
928 1533 1047 1602 misera
1059 1535 1248 1604 inveniam?
1262 1552 1316 1616 aut

414 1662 481 1732 quo
498 1635 632 1708 consilia
653 1637 724 1706 haec
744 1637 885 1708 referam

256 1749 326 1838 Aut
346 1743 434 1813 unde
450 1743 531 1812 mihi
550 1741 707 1812 auxilium
727 1742 857 1838 petam?

257 1839 498 1944 Namjvereon
522 1849 604 1921 hera
624 1873 666 1918 ne
689 1848 733 1924 ob
755 1873 866 1922 meum
889 1871 1021 1924 suasum
1047 1851 1183 1947 indigne
1199 1853 1314 1946 injuria

416 1955 603 2024 afficiatur:
1411 2027 1412 2040 χ

257 2067 308 2136 Ita
324 2077 452 2158 patrem
470 2059 684 2130 adolescentis
696 2059 783 2129 facta
795 2061 866 2130 haec
880 2059 1021 2131 tolerare
1034 2063 1133 2132 audio
1143 2062 1310 2134 violenter.
1411 2051 1412 2078 ¹

257 2175 323 2241 Cn.
346 2171 433 2240 Nam
461 2190 533 2260 quae
556 2166 627 2235 haec
654 2190 737 2236 anus
765 2181 815 2237 est
842 2168 1048 2258 exanimata,
1070 2195 1090 2238 a
1119 2169 1222 2240 fratre
1243 2197 1311 2266 qnae
1411 2203 1412 2224 a

408 2295 540 2366 egressa
555 2274 597 2339 ’st'
615 2271 714 2348 meo?
1275 2291 1308 2344 731

286 2464 763 2536 Acr.V,Sc.r.«Dumquerereflliam
808 2469 865 2518 silr'a
883 2469 952 2532 hue,
972 2485 1031 2538 qun
1047 2467 1166 2538 cepimus
1183 2467 1218 2521 de
1234 2471 1310 2524 eollo·

241 2547 281 2604 'et
310 2565 418 2602 uxorem
448 2544 591 2598 meditatur
620 2544 760 2607 Chremes,
804 2545 888 2599 canda
903 2546 1049 2619 Antiphoni
1064 2547 1229 2602 Phanio.'--
1243 2555 1308 2618 Refer

251 2628 341 2683 nutrix
355 2627 441 2680 filista
453 2624 618 2697 Demiphcne
627 2624 762 2696 egreditur
804 2645 874 2691 mm,
888 2628 1098 2680 communicabo.

251 2711 280 2761 in
300 2724 414 2762 scenam.
435 2708 525 2772 Quam
548 2715 701 2776 querentem
726 2704 760 2758 de
838 2707 898 2776 728.
920 2712 979 2758 Aut.
1001 2705 1152 2778 Utrumque
1170 2723 1216 2758 aut
1235 2709 1307 2762 Bent.

251 2787 323 2840 heras
338 2785 456 2857 periculo
469 2784 516 2835 uhi
532 2784 695 2854 aliquantum
711 2803 758 2836 au·
802 2785 897 2852 eiecit,
917 2785 1001 2856 posito
1021 2803 1070 2856 pro
1094 2785 1147 2838 hoc
1168 2789 1309 2858 posteriore

250 2864 333 2918 disset
352 2876 377 2916 et
395 2863 556 2933 agnovisset,
572 2861 628 2931 ipse
649 2861 682 2914 nd
701 2880 759 2915 eam
802 2877 881 2930 atque.
892 2893 925 2903 -
936 2867 1017 2925 Unde,
1032 2882 1125 2936 aquo.

249 2942 366 3004 accedit,
382 2959 412 2994 ac
426 2940 558 3004 resciscit,
574 2939 656 2992 filiam
666 2959 757 3005 suam,
836 2959 897 3012 7²9·
912 2946 1026 3010 Indigno.
1036 2943 1067 2996 L.
1077 2943 1168 2996 Bemb.
1179 2945 1309 3013 indigmeet

249 3020 323 3092 quod
337 3020 471 3082 voluerat,
488 3029 599 3089 nuptam
616 3037 673 3071 esse
685 3021 759 3072 Anti·
803 3021 920 3089 indigna,
929 3033 955 3074 et
965 3022 1023 3075 Par.
1036 3020 1079 3074 ed.
1090 3023 1194 3090 inagna
1208 3024 1308 3092 injucti,

250 3099 342 3170 phoni.
353 3123 367 3144 s
383 3095 448 3150 Hac
466 3096 602 3168 Bipoutini
625 3095 756 3162 editores,
801 3099 829 3150 in
840 3100 967 3153 ablativo.
978 3131 1013 3142 —
1022 3105 1102 3163 Hem,
1115 3100 1258 3154 Phanium.

250 3179 297 3253 qni
317 3177 395 3230 simul
415 3178 549 3238 Donatum
567 3175 634 3228 sorte
655 3177 755 3239 secuti,
837 3178 896 3246 730.
915 3183 975 3243 Ita,
994 3189 1043 3232 ete.
1062 3177 1113 3232 Per
1133 3179 1308 3251 epiphonema
1410 3205 1411 3214 ¹

250 3259 301 3312 hac
320 3257 435 3310 indicata
456 3256 642 3328 catastrophe,
664 3256 698 3308 ab
715 3275 756 3310 se·
801 3254 911 3309 dictum.
922 3287 956 3298 -
968 3264 1066 3310 Patrem
1078 3261 1248 3312 adolescentis.
1260 3259 1307 3312 De-

249 3349 347 3410 quente
381 3336 489 3390 demum
525 3353 604 3389 scena
633 3334 757 3409 quintum
780 3335 968 3406 miphonem,
987 3347 1089 3406 patrem
1099 3337 1307 3407 antiphonis.-

247 3428 337 3471 actum
348 3414 487 3486 incipiunt.
802 3418 931 3468 Violenter.
938 3414 1018 3479 Quod
1024 3415 1110 3468 Greci
1117 3414 1211 3468 dicunt
1217 3413 1307 3476 δεινῶς.

284 3513 345 3566 7²7·
360 3496 450 3544 Misera
469 3496 516 3544 inv.
528 3491 569 3548 Al.
578 3493 699 3546 inveniam
710 3496 757 3547 mi·
835 3493 897 3562 731.
916 3500 986 3546 Aures
1008 3509 1055 3557 est..
1075 3495 1151 3547 Bent.
1170 3495 1307 3565 distinguit

246 3595 354 3628 sera.-
362 3579 424 3640 Quo.
435 3571 493 3624 Lib.
507 3580 561 3622 ant.
571 3573 622 3634 cui,
634 3590 684 3642 pro
697 3593 754 3640 quo.
798 3583 858 3642 post
876 3587 927 3634 est‚·
942 3573 1008 3629 We.
1028 3586 1088 3644 post
1101 3578 1257 3626 eoeanimata.
1270 3605 1306 3614 -

246 3685 281 3694 -
293 3655 360 3721 Quid
367 3660 464 3720 agam?
475 3661 524 3704 etc.
535 3649 598 3701 Hac
609 3662 634 3703 et
644 3670 755 3724 sequen·
798 3655 862 3707 Nam
873 3671 937 3719 quo.
950 3652 1000 3703 Per
1009 3652 1176 3714 metathesin,
1186 3673 1235 3724 pro
1244 3673 1309 3720 qnoe·

245 3733 279 3784 tia
294 3749 384 3783 secum
398 3729 514 3799 loquitur
526 3727 680 3797 Sophrona,
693 3749 753 3800 qum
796 3747 864 3782 nam,
873 3729 949 3800 virg.
962 3729 1061 3802 Georg.
1075 3733 1125 3797 IV,
1140 3732 1191 3796 445
1202 3749 1209 3783 :
1222 3737 1307 3783 «Nam

245 3811 338 3863 metuit
355 3827 389 3862 ne
408 3809 475 3860 forte
499 3818 572 3876 pater
589 3807 682 3858 Phanii
701 3809 751 3860 sihi
795 3813 850 3875 quis
872 3825 895 3862 te
906 3808 1049 3879 juvenum...
1062 3835 1073 3857 ι
1096 3830 1162 3882 pro,
1179 3815 1308 3878 quisnam,

244 3889 344 3939 malum
355 3886 467 3947 inierat,
484 3883 557 3955 quod
570 3885 675 3954 nuptias
688 3905 750 3938 cum
794 3893 1051 3954 etc—Exanimem,
1065 3891 1200 3954 exterrita,
1210 3910 1305 3962 parum

241 3968 298 4018 iiiia
310 3966 456 4034 Antiphoni
466 3963 756 4032 concessisset.-Quo.-
795 3969 835 4020 sui
849 3967 930 4020 animi
942 3987 1067 4041 compos,
1077 3981 1188 4041 propter
1198 3983 1305 4024 metum.

240 4043 324 4098 intell.
338 4042 370 4094 ad
389 4061 467 4118 quern
482 4043 627 4096 hominem.
643 4075 676 4084 -—
689 4049 750 4099 Coa·
795 4053 860 4101 -A
862 4051 945 4112 fratre
952 4047 1134 4102 meaAdomo
1144 4047 1235 4110 fratris
1245 4049 1305 4102 mei.
