2790 4788
229 383 298 453 172
423 359 626 427 ·PUB·LII
654 358 906 428 TERENTII
934 359 1054 428 AFRI

182 563 191 576 ,
222 495 308 558 Nam
320 491 377 584 qui
387 503 491 577 amat,
508 491 561 558 cui
580 489 657 559 odio
671 491 761 584 ipsus
774 505 838 579 est,
852 492 902 561 bis
915 491 1023 561 facere
1040 488 1139 560 stulte
1152 488 1251 560 duco.

225 597 390 666 Laborem
406 596 537 664 inanem
556 597 646 689 ipsus
664 598 769 690 capit,
788 611 821 666 et
839 597 886 666 illi
901 597 1084 667 molestiam
1097 595 1214 666 adfert.

223 708 307 771 Tum
324 701 410 770 lilius
422 717 498 770 tuus
508 703 636 770 introiit
647 702 837 790 videresut
850 706 957 784 venit,
974 703 1053 798 quid
1065 717 1151 797 agat.
1249 727 1320 796 su¹
1376 785 1377 808 Χ

220 811 276 879 So.
299 807 389 898 Quid
407 807 477 877 ais?
496 833 539 876 an
558 810 649 877 venit
666 808 880 903 Pamphilus?
897 813 982 879 Pnn.
1003 810 1115 879 Venit.
1143 811 1200 878 So.
1225 807 1287 876 Dls
1376 811 1377 854 l

377 915 516 1008 gratiam
536 915 652 982 habeo.

220 1023 324 1102 Hem,
348 1020 431 1090 istoc
458 1020 562 1089 verbo
591 1022 719 1089 animus
742 1021 788 1089 mi
812 1021 925 1108 rediit,
953 1035 987 1089 ct
1016 1044 1096 1090 cura
1123 1045 1163 1089 ex
1186 1018 1286 1089 corde
1377 1097 1378 1108 .

381 1129 529 1195 excessit.
1377 1113 1378 1120 ἵ

221 1234 305 1300 Pan.
328 1233 402 1299 Jam
420 1255 459 1301 ea
471 1232 512 1301 dc
526 1257 625 1302 causa
638 1256 793 1300 maxume
808 1253 896 1302 nuno
912 1233 979 1302 huc
990 1234 1130 1302 introire.
1141 1231 1230 1302 nolo.

221 1339 307 1404 Nam
320 1339 347 1405 si
359 1339 529 1407 remittent
539 1340 711 1434 quippiam
724 1337 953 1408 Philumenam
973 1337 1119 1427 dolorm,

218 1444 361 1530 Omnem
375 1469 448 1512 rem
462 1444 628 1527 narrabit,
642 1446 726 1524 scio,
748 1445 906 1528 continuo
922 1443 991 1514 sola
1010 1443 1091 1531 soli,
1249 1468 1287 1508 ες.

219 1549 303 1637 Quae
324 1551 410 1618 inter
427 1575 487 1619 vos
508 1551 703 1632 intervenit,
723 1551 811 1626 unde
825 1566 936 1620 ortum
951 1551 1140 1620 estinitium
1155 1551 1221 1618 irae.

220 1658 329 1749 Atque
344 1681 460 1725 cocum
477 1657 574 1726 video
593 1659 702 1752 ipsum
724 1657 851 1751 egredi:
867 1681 966 1751 quam
985 1657 1085 1729 tristis
1101 1651 1163 1726 est!
1179 1657 1238 1727 So.
1257 1660 1296 1725 0¹
1379 1712 1380 1754 ᾖ

379 1765 425 1830 mi
440 1759 558 1857 gnate!

219 1861 311 1934 Pau.
320 1868 398 1935 Mea
410 1883 526 1956 mater,
535 1869 635 1940 salve.
650 1871 706 1938 So.
720 1869 860 1938 Gaudeo
868 1870 996 1938 venisse
1008 1867 1151 1938 salvum:
1162 1867 1286 1937 salvan’

133 1969 136 1976 ’
219 1960 415 2042 Philumena
430 1973 501 2042 est?
518 1976 611 2044 Pam.
630 1974 825 2044 Meliuscula
837 1989 895 2044 est.
912 1977 970 2045 So.
985 1975 1121 2043 Utinam
1142 1977 1229 2044 istuc
1244 1976 1287 2044 ita

377 2079 423 2148 Di
434 2077 556 2148 faxint!

220 2183 311 2270 Quid
320 2185 812 2282 tuigiturlacrumaslautquid
821 2186 1286 2273 estamvtrististpinuecte,

378 2306 493 2360 mater.
1251 2315 1287 2368 sss

218 2393 274 2462 Sc.
285 2393 376 2485 Quid
390 2397 452 2466 fuit
466 2395 620 2466 tumulti?
633 2397 686 2468 diu
700 2399 798 2487 mihi,
809 2424 852 2468 an
867 2399 964 2470 dolor
975 2413 1109 2494 repente
1122 2397 1267 2468 invasit?

219 2578 287 2632 Perl
297 2574 423 2628 nonsatis
433 2573 731 2646 videmusquaratione.
774 2577 887 2630 verbum
899 2590 1074 2647 neutrum-
1081 2579 1287 2646 Remittentquio·

220 2662 324 2708 -Non
344 2667 383 2708 est
404 2667 434 2707 ut
456 2659 532 2708 nisus.
556 2645 731 2727 Interroganti
769 2659 848 2723 piam.
862 2657 1001 2727 Respirare
1014 2657 1108 2710 sinent.

225 2735 379 2808 respondet,
388 2747 464 2789 utens
476 2735 571 2789 eodem
585 2749 713 2808 tempore.
811 2733 870 2788 350.
890 2741 991 2788 Omnem
1013 2755 1063 2788 rem
1090 2737 1212 2788 narrabit.
1239 2735 1288 2786 Illa

257 2817 317 2877 343.
331 2819 408 2864 unco.
419 2815 449 2866 C.
464 2815 499 2866 G.
513 2833 549 2866 m.
563 2826 589 2866 et
599 2815 664 2868 Pall.
677 2827 730 2868 tres
774 2813 890 2866 narrabit
897 2826 992 2866 cuncta
1002 2854 1010 2879 ‚
1022 2832 1082 2886 quta
1092 2812 1132 2865 vis
1142 2812 1289 2866 iracundia

182 2903 189 2909 '
221 2892 294 2966 apud
307 2893 364 2944 Par.
375 2895 440 2944 dico.
454 2895 550 2960 -Qnt'
562 2908 646 2955 amat,
657 2893 732 2957 adde,
777 2893 856 2945 suerit
875 2893 944 2946 inter
964 2911 1022 2956 eas,
1049 2889 1121 2944 undo
1145 2891 1288 2947 exordium
1378 2961 1381 2968 1

222 2977 277 3024 curn
303 2981 348 3023 aut
371 2991 435 3022 eam.
447 3001 482 3012 --
491 2975 534 3022 Bis
540 2973 630 3038 facero
643 2977 730 3036 stulte,
775 2971 1002 3042 litesinceperint.
1020 3003 1056 3012 -
1073 2973 1131 3022 Sola
1144 2973 1202 3022 soli.
1216 2970 1288 3040 Gal.

221 3049 362 3122 dupliciter
372 3068 495 3120 peccare3
511 3063 536 3104 et
547 3051 661 3124 explicat
673 3071 731 3104 ver·
775 3070 806 3102 sn
818 3051 966 3102 :aee-anae.

221 3149 264 3183 sus
283 3147 402 3201 sequens.
811 3129 870 3181 351.
882 3132 1025 3182 Intervenit.
1042 3127 1101 3182 Lib.
1114 3128 1291 3182 Bemhnnnn

256 3210 315 3273 344.
333 3211 385 3271 Illi,
400 3221 570 3281 quemamat.
634 3261 637 3266 ,
776 3211 871 3260 venerit.

256 3289 318 3353 345.
334 3295 402 3340 Tum.
418 3289 476 3344 Lib.
489 3291 572 3360 antiq.
589 3303 680 3342 autern.
696 3321 729 3330 --
811 3286 870 3350 354·
884 3289 1031 3354 Meliuscula
1040 3301 1085 3338 est.
1095 3285 1179 3338 Paulo
1191 3287 1293 3340 melius

222 3375 289 3431 turn,
297 3380 433 3437 proterea.
446 3401 479 3411 -
501 3375 533 3420 Ut
545 3371 630 3430 venit,
639 3369 728 3424 statim
774 3383 801 3418 se
814 3365 905 3418 habet.

220 3461 250 3500 ut
259 3445 345 3500 rediit.
810 3444 871 3498 355.
887 3450 975 3507 neces,
991 3458 1078 3496 mater.
1096 3442 1140 3496 sto
1158 3441 1294 3511 dicimus,

255 3528 316 3590 346.
331 3526 540 3598 Gratiam.Valg.
552 3530 656 3594 gratias.
773 3541 858 3596 quum
881 3524 939 3576 sine
966 3523 1063 3592 injuria
1099 3524 1295 3594 interrogantis

255 3605 314 3673 347.
326 3610 391 3660 Istoc
400 3608 476 3656 verbo
486 3642 494 3666 ‚
505 3604 577 3676 quod
589 3617 619 3657 tu
628 3604 728 3662 dixisti.
775 3602 914 3656 reticemus
923 3599 1033 3673 aliquid.

255 3682 728 3754 348.Introirs‚supplete.Neovelis‚
768 3701 776 3720 ¹
809 3682 869 3735 356.
885 3685 952 3750 Quid
958 3683 1013 3748 stete
1024 3696 1082 3733 tram.
1097 3680 1138 3734 cf.
1153 3699 1241 3753 supra
1253 3701 1296 3734 vs.

219 3775 248 3814 ut
267 3763 385 3834 primurn
409 3773 534 3834 apparet,
570 3762 729 3834 intelligere,
774 3762 834 3815 336.
848 3763 1009 3812 —Tnmnltd
1019 3759 1129 3831 Antiqui
1149 3759 1189 3812 sic
1210 3761 1299 3819 decli-

218 3843 278 3892 nolo
291 3841 340 3906 ipsse
352 3843 463 3893 introire.
774 3853 889 3904 norunt,
909 3842 1015 3904 tumulti,
1034 3841 1127 3902 senatis
1139 3850 1171 3890 ut
1183 3837 1297 3894 Sallust.

223 3959 226 3965 .
255 3918 314 3986 349.
335 3922 508 3973 Philumenam.
530 3921 649 3972 Donatus
668 3919 729 3992 legit
773 3918 1107 3973 incontaminatos.»
1133 3923 1235 3972 Donat.
1262 3951 1297 3967 -«-

217 4001 379 4063 Philumenae,
391 4001 509 4069 justane
523 4001 544 4054 si
555 4004 677 4054 remittent
694 4000 727 4058 sit
773 4003 872 4068 Invasit
882 4000 1077 4054 Philumenam.
