2812 4788
218 381 285 452 138
445 381 624 456 PUBLII
649 380 903 450 TERENTII
928 382 1048 452 AFRI

215 513 413 586 Funambuli
429 515 545 584 eodem
564 513 702 584 accessit
721 517 944 608 exspectatio,

217 623 387 692 Comitum
402 635 603 706 conventus,
622 619 796 714 strepitus,
818 619 945 691 clamor
962 621 1137 692 mulierum
1264 641 1290 680 ³⁵

215 731 353 814 Fecere,
377 743 416 796 ut
433 742 510 798 ante
523 741 655 821 tempus
675 727 798 795 exirem
815 726 914 797 foras.

216 837 339 904 Vetere
360 835 394 902 in
412 859 506 903 nova·
521 834 608 928 coepi
628 833 677 903 uti
694 833 952 921 consuetudine,

215 944 258 1010 ln
271 940 473 1035 experiundo
490 954 529 1009 ut
550 963 655 1010 essem
672 963 681 1006 z
698 939 807 1014 refero
829 940 949 1012 denuo.

178 1043 179 1050 '
217 1048 330 1124 Primo
345 1060 422 1116 actu
438 1045 572 1142 placeo,
591 1070 694 1140 quum
718 1047 843 1118 interea
864 1051 1106 1135 rumonvenit,

255 1217 298 1280 34.
308 1218 424 1270 Accessit.
432 1215 510 1268 Beut.
517 1215 594 1288 lingit
601 1218 730 1266 accedens.
773 1234 826 1265 rum
833 1219 878 1282 qni
887 1219 978 1270 suntin
985 1217 1291 1289 nostrocomt'tott13quod

218 1328 254 1352 .—
272 1301 426 1349 Funambuli.
444 1295 498 1362 Qui
525 1314 571 1366 per
594 1307 731 1348 extensum
773 1297 829 1346 fere
843 1293 975 1347 malimus.
991 1295 1061 1348 Mer.
1081 1295 1143 1348 Cas.
1160 1297 1291 1366 proponit

217 1376 332 1430 sublime
343 1377 431 1439 limem
451 1378 568 1428 ambulat.
585 1405 616 1418 --
639 1377 732 1426 Eodem
774 1373 886 1444 intelligi
899 1372 934 1426 de
944 1374 1043 1439 servis,
1060 1385 1090 1426 ut
1105 1373 1152 1446 qui
1163 1373 1199 1426 de
1210 1376 1291 1446 plebe

220 1459 328 1508 accessit.
337 1453 505 1527 conspiravit
517 1454 546 1506 in
560 1453 678 1508 eamdem
689 1472 732 1506 ca·
773 1452 906 1516 homines,
914 1465 940 1508 et
952 1453 1015 1506 citat
1023 1453 1175 1508 Horatium:
1186 1481 1200 1502 ι
1208 1455 1291 1510 Arete

220 1535 374 1588 lantitatem.
389 1563 424 1574 -
435 1537 595 1602 Exspectatio
607 1571 615 1597 ,
627 1531 731 1585 deside·
774 1530 850 1586 decet
866 1551 961 1586 sanum
984 1533 1109 1586 comiteur
1130 1545 1204 1605 toga.
1214 1540 1228 1581 ι’
1246 1535 1291 1588 Ni-

197 1615 301 1668 'rium.
321 1613 449 1667 Horatius
468 1613 589 1667 tractavit
606 1612 680 1666 hunc
697 1612 734 1664 lo·
773 1610 813 1662 hil
828 1623 915 1665 autem
930 1611 1010 1664 nobis
1020 1613 1115 1665 melius
1124 1613 1225 1685 placet,
1237 1615 1291 1667 for-

218 1713 293 1756 cum,
305 1694 381 1766 epist.
394 1695 439 1760 11,
455 1712 482 1760 13
492 1712 571 1765 quem
582 1694 643 1748 citat
653 1692 732 1746 Btecl.
774 1705 842 1746 tasse
859 1705 967 1764 propter
980 1692 1053 1751 vocis
1067 1693 1151 1764 ipsius
1168 1693 1290 1746 difficul-

222 1774 319 1846 -ssepe
339 1773 419 1826 etiam
441 1772 569 1827 audacem
589 1773 664 1846 lugat
681 1772 733 1826 hoc
773 1783 872 1835 tatem,
896 1791 977 1844 quam
996 1791 1065 1826 nora
1086 1773 1167 1826 lectio
1191 1773 1290 1826 Bothio

210 1864 353 1926 terretque
375 1865 497 1924 poetam,
520 1852 601 1918 Quod
620 1871 734 1906 numero
775 1852 904 1914 admissa,
916 1871 999 1924 quum
1009 1853 1155 1923 praesertim
1164 1845 1291 1906 hominum

220 1933 325 2004 plures,
336 1931 433 1986 virtute
446 1933 583 1985 ethonore
600 1933 734 1994 minores,
775 1931 819 1986 hic
832 1944 984 2004 opponatur
992 1940 1027 2004 τῷ
1039 1937 1174 1986 mulierum.
1185 1933 1251 1986 vid.
1262 1935 1290 1985 in

222 2011 332 2066 Indocti
356 2009 514 2083 stolidique,
532 2023 559 2064 et
583 2011 734 2084 depugnare
775 2031 832 2065 var.
855 2013 915 2064 leot.
939 2049 970 2058 -
992 2016 1130 2082 Strepitus,
1151 2027 1290 2066 certamen

221 2091 323 2164 parati,
342 2091 370 2143 Si
388 2089 519 2144 discordet
538 2110 633 2164 eques,
645 2092 735 2144 media
775 2091 887 2145 diversis
901 2091 1054 2144 faventium.
1068 2097 1134 2144 Dori.
1143 2123 1179 2132 —
1191 2095 1292 2144 Clamor

222 2173 291 2225 inter
308 2170 428 2224 earmina
446 2183 559 2241 poscunt
580 2177 633 2222 Aue
652 2191 735 2223 ursum
775 2175 910 2223 mulierum.
923 2171 1081 2243 Importune
1093 2171 1153 2234 hie,
1168 2183 1198 2223 ut
1216 2173 1291 2224 uobis

222 2254 369 2320 autpngiles
376 2271 387 2310 ,·
401 2250 445 2302 his
455 2269 518 2316 nam
526 2251 735 2322 plebeculagau·
776 2250 895 2312 videtur,
917 2251 1090 2323 questionem
1111 2251 1178 2322 juris
1210 2256 1291 2322 agitat

224 2330 277 2383 det.
284 2331 386 2382 Verum
400 2330 495 2400 equitis
504 2349 610 2402 quoque
618 2331 675 2402 jam
688 2331 736 2382 mi·
776 2331 902 2393 Perletus,
914 2331 1011 2402 «quia,
1024 2330 1122 2402 inquit,
1133 2331 1292 2384 nonlicebat

223 2411 309 2482 gravit
322 2411 356 2462 ab
372 2429 437 2462 aure
452 2409 572 2482 voluptas
586 2409 683 2464 Omnis
701 2409 736 2462 ad
776 2410 934 2464 mulieribus
951 2411 1075 2464 iuteresse
1086 2411 1154 2464 ludis
1165 2411 1292 2473 scenicis,

168 2522 171 2527 ·
224 2491 337 2544 incertos
345 2490 437 2542 oculos
446 2501 471 2542 et
478 2488 662 2561 gaudiarana,
670 2500 734 2542 etc·
777 2499 850 2542 etc.»
867 2489 948 2556 Satis,
963 2509 995 2542 ex
1008 2489 1129 2562 hocipso
1143 2489 1202 2542 loco
1221 2501 1292 2562 patet

261 2571 305 2625 35.
324 2573 443 2622 Comitum
458 2583 600 2622 conventus.
620 2569 737 2641 Refingit
778 2587 823 2622 eas
831 2588 895 2623 vere
909 2569 1067 2624 interfuitte.
1119 2624 1123 2630 ,

121 2657 133 2726 s
225 2650 247 2700 si
265 2667 320 2702 non
341 2669 417 2712 vere,
439 2651 467 2702 at
484 2650 576 2702 saltem
599 2649 736 2720 ingeniose
814 2647 857 2702 36.
871 2654 936 2701 Ante
945 2665 1045 2716 tempus,
1063 2660 1125 2704 ante
1134 2650 1292 2720 completam

224 2729 305 2795 Both.
326 2733 448 2782 dominum
462 2742 573 2783 convent.
593 2756 606 2777 u
618 2731 734 2801 Nempe,
778 2729 875 2783 fabulo
885 2729 1026 2782 actionem.

223 2809 279 2872 ait,
292 2809 364 2862 vocis
382 2813 506 2860 hominum
525 2812 611 2881 primu
635 2809 737 2882 syllaba
815 2811 857 2880 37.
870 2817 956 2862 Vetere
965 2811 989 2859 in
1003 2829 1077 2874 nova,
1088 2820 1138 2861 etc.
1150 2807 1227 2861 Ordo
1237 2823 1291 2862 est:

225 2907 310 2958 quum
332 2889 401 2940 forte
418 2888 548 2955 reltota,
561 2891 604 2944 vel
618 2909 648 2942 ex
661 2903 737 2960 parte
780 2897 809 2940 In
827 2890 878 2942 hac
891 2908 955 2942 nova
973 2888 1092 2940 Terentii
1110 2888 1200 2942 fabula
1211 2928 1219 2952 ,
1232 2894 1295 2958 coepi
1395 2883 1396 2886 ¹

227 2967 365 3038 periisset,
381 2967 520 3020 autetiam
534 2969 632 3022 omissa
646 2981 736 3020 esseta
780 2970 941 3038 (aggressus
966 2970 1056 3036 sum),
1072 2971 1111 3018 uti
1135 2983 1221 3019 vetere
1233 2987 1293 3022 mea

226 3045 349 3108 librariis,
363 3045 431 3098 sicut
440 3047 498 3098 fieri
507 3046 610 3099 solebat
619 3047 647 3100 in
656 3044 737 3099 literis
779 3049 964 3112 consuetudine,
972 3065 1026 3118 qua
1035 3065 1106 3100 eram
1115 3047 1182 3100 olim
1191 3067 1256 3101 usus
1265 3053 1293 3098 in

226 3125 738 3196 ,versuuminitialihusminiopostmo·
780 3127 881 3181 Caecilii
905 3127 1019 3190 fabulis,
1044 3145 1141 3198 nempe
1166 3143 1194 3178 ut
1215 3149 1293 3180 essem

225 3205 290 3260 dum
310 3204 497 3278 appingendis,
524 3205 634 3276 gliscere
658 3206 738 3277 coepit
779 3209 830 3277 (ut
840 3207 1009 3276 insisterem)
1030 3212 1055 3259 in
1077 3212 1230 3276 experiundo
1243 3211 1253 3278 (
1266 3209 1293 3260 in

224 3284 380 3356 corruptio,
407 3285 492 3358 capite
520 3296 642 3338 truncata
671 3303 737 3338 voce
779 3286 898 3358 periculo
910 3287 1032 3340 faciendo
1041 3287 1244 3356 ),intentando
1258 3308 1293 3340 un
1362 3317 1365 3322 ·
1395 3271 1396 3284 ἵ

226 3368 345 3428 cunnum,
365 3365 408 3417 vel
420 3368 542 3416 coruinum
561 3353 737 3436 degenerante
776 3366 913 3438 ‘placitura
924 3372 990 3419 esset
1001 3366 1115 3439 Hecyra.

225 3443 354 3518 paulatidr
370 3443 397 3495 in
412 3447 526 3508 omittam,
541 3446 682 3499 comittem».
701 3475 737 3486 --
816 3445 861 3499 38.
881 3453 912 3498 In
925 3466 982 3514 exp.
1002 3460 1028 3497 rt
1048 3465 1134 3498 essem.
1149 3445 1193 3498 cf.
1214 3446 1294 3498 simil.

222 3529 300 3590 ὅπερ.
309 3522 444 3595 Pleraeque
457 3523 531 3576 editt.
542 3543 592 3594 pro
605 3524 654 3576 hac
662 3543 736 3590 voce,
780 3526 861 3578 locut.
874 3526 971 3579 Heaut.
984 3544 1023 3578 vs.
1036 3526 1086 3593 985
1101 3527 1111 3593 (
1124 3523 1177 3586 vol.
1197 3525 1225 3590 Ι,
1234 3543 1294 3596 pag.

224 3603 324 3655 habent
348 3621 410 3656 cum
432 3606 550 3666 Donato,
572 3607 686 3660 surdum.
701 3636 736 3646 -
781 3606 832 3669 tta
846 3607 866 3674 ),
880 3619 905 3660 et
923 3606 962 3658 ibi
975 3615 1030 3658 not.
1046 3636 1082 3646 -
1095 3606 1185 3672 Refero
1202 3608 1294 3656 denuo

225 3685 342 3734 mnium
351 3697 488 3732 conventus.
498 3681 559 3736 Non
567 3684 645 3754 plane
654 3683 737 3756 liquet
781 3687 881 3738 Iterum
892 3686 1023 3756 Hecyram
1038 3685 1196 3738 comoediam
1210 3685 1295 3736 intro·

222 3762 292 3833 quid
309 3761 440 3833 significet
451 3756 570 3815 comitum.
582 3763 737 3834 suspicatur
781 3763 852 3817 duco
861 3765 889 3816 iu
903 3766 1045 3816 theatrum.

226 3844 345 3894 Donatus
361 3841 405 3912 agi
420 3841 454 3894 de
470 3841 502 3893 iis
512 3843 558 3912 qui
568 3855 754 3896 assectatores·
818 3843 860 3911 39.
879 3849 978 3908 Planco,
999 3864 1052 3898 vox
1075 3856 1244 3904 consecrata,
1265 3857 1295 3896 ut
1341 3878 1344 3884 ·

224 3920 745 3990 suntpugilum,etamicossuosinlo-¹
781 3923 904 3976 videmus
929 3926 957 3976 in
977 3926 1056 3976 variis
1081 3924 1294 3977 Didascaliis.-

223 4017 288 4066 pum
297 3999 448 4054 certaminis
459 4001 625 4054 comitantur.
637 4001 688 4054 Alii
699 4001 737 4053 in·
780 4003 866 4069 Mire,
888 4023 943 4056 nou
962 4003 1146 4076 diu‚i11quit,
1164 4003 1295 4076 pependit

223 4089 352 4149 ‚terpretes
366 4077 518 4152 explicant,
541 4100 674 4134 concmsus
697 4104 736 4134 eo·
778 4082 925 4154 judicium,
947 4083 993 4136 sed
1016 4084 1104 4138 statim
1122 4083 1238 4154 placuit:
1265 4094 1295 4136 ut
