2812 4788
240 421 307 516 134
464 418 645 490 ruem
670 415 923 486 resanuit
948 415 1072 483 arur

235 543 394 614 Animum
411 556 616 638 occuparat:
633 565 724 612 nuuc
741 537 814 614 haec
832 527 940 634 plane
953 552 1004 608 est
1017 565 1080 634 pro
1092 563 1199 626 nova3
1290 555 1302 598 ⁵

175 657 178 668 '
237 653 282 719 Et
294 651 321 718 is
335 649 392 744 qui
406 650 537 743 scripsit
549 648 653 738 hanc,
671 647 716 716 ob
737 669 810 724 carn
829 670 901 715 rem
921 643 1028 716 noluit

236 757 364 832 Iterum
379 755 522 844 referre,
543 769 582 824 ut
597 755 717 823 iterum
732 766 844 848 posset
860 751 1014 826 vendere.

237 861 325 939 Alias
347 863 514 957 cognostis
533 861 605 955 ejus
625 887 633 930 :
651 884 762 956 quaeso
779 857 1021 939 hancnoscite.

239 1098 275 1115 .-
286 1071 370 1120 Studio
379 1071 500 1137 strepidus,
510 1085 567 1139 pree
578 1063 752 1120 admiratione
796 1082 871 1115 nunc.
879 1093 914 1104 -
923 1067 995 1115 Hunc
1004 1064 1107 1115 noscite.
1118 1063 1170 1115 Μ».
1182 1060 1269 1114 Mark.
1281 1075 1309 1112 et
1386 1093 1387 1100 κ

236 1148 581 1217 herens-Insanambulo,
593 1146 623 1198 iu
631 1157 751 1201 contem·
796 1143 858 1201 Hul.
873 1145 1019 1212 cofflcscite.
1036 1136 1072 1184 -’-
1087 1145 1161 1195 Alias
1174 1146 1240 1212 ejus,
1252 1141 1307 1200 scii.¹

238 1226 338 1298 plaudo
352 1227 515 1299 exossatum
528 1225 558 1278 hi
570 1225 642 1278 enim
652 1229 676 1280 ts
692 1231 751 1280 eeu·
796 1221 939 1275 comoedias
955 1233 1047 1293 poete.
1071 1224 1230 1294 flepugnare
1252 1220 1309 1274 heo

239 1313 382 1380 ματωτοιοῖς
396 1320 471 1360 eram
481 1306 556 1359 olim.
797 1302 924 1358 videntur
942 1321 1005 1356 cum
1023 1303 1155 1356 sententia
1170 1301 1247 1355 Petili
1258 1301 1310 1352 Hc·
1387 1289 1388 1316 ¹

276 1388 301 1442 5.
312 1392 384 1438 Nunc
397 1390 457 1438 luces.
471 1383 549 1439 Both.
568 1387 620 1436 ltaec
631 1403 751 1435 nunu-
797 1399 890 1454 cyrum
916 1383 1032 1440 auctoris
1057 1382 1141 1436 nostri
1165 1379 1310 1436 secundam

240 1471 324 1523 Plane.
338 1465 578 1528 (inclinentu-
593 1463 748 1536 Novu.Quse
799 1459 1038 1528 esseeifirmeutiss
1060 1461 1133 1535 quod
1154 1461 1228 1515 idem
1247 1479 1312 1514 cou-
1388 1471 1389 1492 ³

240 1545 355 1602 nonfuit
367 1557 432 1600 actu.
480 1597 488 1612 ,
770 1611 773 1618 ¹
799 1537 886 1594 tendit
900 1559 1006 1614 quoque
1023 1542 1163 1606 Basienis,
1183 1539 1312 1612 additque

276 1629 302 1679 6.
314 1631 349 1676 Ec
362 1627 435 1694 isqui
443 1627 526 1692 sonus.
538 1635 588 1677 eto.
600 1623 663 1694 Lag.
674 1619 750 1674 Both.
798 1617 849 1674 has
862 1621 926 1671 alias
938 1640 1032 1694 usque«
1041 1618 1074 1674 ad
1090 1639 1139 1674 nos
1153 1638 1209 1672 non
1219 1637 1312 1692 perre-

241 1709 298 1760 Etsi
309 1709 329 1757 is
339 1725 366 1773 q.
380 1724 398 1758 s.
409 1707 475 1761 lanc
483 1707 513 1756 el
524 1723 626 1755 musam
638 1721 665 1754 n.
673 1731 709 1744 -
717 1703 753 1752 Ob
799 1697 878 1751 uisse.
889 1699 916 1754 si
930 1713 1019 1754 autem
1032 1701 1122 1772 plures
1133 1699 1235 1753 subules
1248 1697 1311 1752 seri-

241 1804 296 1835 eam
315 1804 373 1835 rem.
393 1783 500 1840 Scilicet
519 1783 586 1859 quie
606 1781 695 1856 primo
717 1778 755 1838 ob
799 1777 892 1850 psitset
909 1781 1051 1844 Terentius
1066 1800 1127 1854 ques
1146 1781 1259 1838 murem
1276 1779 1312 1830 ita

242 1862 430 1916 funambulum
456 1861 577 1934 neglectu
598 1872 655 1919 eset
676 1871 756 1936 utque
799 1858 898 1918 oblivio
907 1859 1009 1928 deistu;
1020 1862 1175 1934 probaretur
1184 1857 1248 1918 iude
1259 1875 1313 1914 uon

241 1953 402 2013 contempta.
799 1937 1314 2013 dignasfuisseeesqueccolligerentur3

279 2040 304 2093 7.
317 2019 463 2076 Possessio
473 2037 522 2078 nos
532 2038 566 2072 ex
575 2032 648 2074 recta
656 2031 756 2092 tempo·
799 2038 850 2074 uec
869 2039 932 2094 ergo
943 2022 1118 2086 commisisset
1133 2019 1275 2075 Terentius
1286 2030 1316 2070 ut

243 2120 305 2156 rum
316 2099 417 2154 mtioue
437 2111 499 2173 post
513 2099 588 2152 Beut.
604 2100 665 2171 Bip.
677 2099 756 2152 Both.
800 2100 865 2154 teliu
878 2102 973 2172 scripta
984 2101 1034 2156 sihi
1048 2101 1121 2156 laudi
1132 2100 1254 2153 duceret.
1265 2101 1313 2152 Er-

243 2179 340 2234 Pcrlet.
366 2181 501 2234 Ceterum
520 2179 641 2252 plerique
665 2197 757 2233 omnes
800 2197 851 2252 go,
869 2191 899 2233 ut
914 2180 1032 2236 diximus
1047 2181 1076 2234 in
1100 2181 1196 2246 titulo,
1216 2193 1276 2234 not.
1293 2181 1317 2242 8,

243 2255 305 2317 libri
310 2261 399 2328 possit.
416 2291 453 2300 -
468 2265 577 2320 Iterum,
588 2257 686 2324 denuo,
698 2269 758 2329 post
801 2259 824 2311 si
836 2259 942 2334 Hecyra
952 2272 991 2314 est
999 2259 1132 2327 secunda,
1143 2262 1171 2313 τὸ
1181 2262 1249 2312 alias
1260 2278 1315 2312 non

244 2339 425 2414 spectaculum
437 2339 599 2411 fuuumlsuli.
621 2369 658 2380 -
673 2341 760 2391 Noluit
801 2339 899 2410 poteris
913 2338 1046 2410 explicare
1056 2341 1124 2405 nisi,
1139 2351 1170 2392 ut
1176 2343 1233 2414 jam
1247 2338 1316 2392 dixi·

244 2419 345 2488 rafiam.
365 2418 457 2474 Noluit
476 2409 647 2472 introducere
659 2417 686 2469 in
700 2435 757 2471 soe·
802 2435 879 2481 mus,
896 2415 1035 2476 admiseris
1056 2437 1120 2472 cum
1140 2418 1236 2471 Vossio
1258 2437 1318 2471 eam

246 2517 320 2564 natu.
332 2527 368 2538 -
390 2503 420 2560 Ut
436 2500 521 2550 itemm
536 2513 621 2568 posset
632 2501 758 2561 vendere,
801 2507 862 2567 post
877 2501 1018 2566 Adelphos,
1035 2497 1054 2552 i.
1077 2517 1100 2550 e.
1117 2510 1178 2570 post
1193 2499 1318 2550 ultimam

218 2594 221 2599 ’
248 2597 324 2649 supp.
361 2577 544 2631 histrionibus.
580 2578 651 2650 Ergo
675 2593 758 2648 quum
801 2579 935 2644 omnium,
946 2578 1028 2630 fuisse
1040 2576 1132 2631 denuo
1146 2591 1319 2649 repraesenta·

246 2655 386 2720 Terentius
404 2656 520 2710 noluerit
538 2656 657 2711 fabulam
670 2655 760 2710 denuo
803 2669 870 2709 tum.
884 2685 915 2696 -
930 2659 1070 2726 cognostis,
1090 2675 1138 2729 pro
1159 2661 1319 2726 cognovistis.

247 2734 396 2799 introduci,
411 2753 446 2790 ne
466 2736 651 2810 desperatione
663 2734 760 2789 iuveris
804 2735 935 2790 Ultimum
945 2735 1015 2790 hauc
1028 2736 1111 2790 offert
1122 2736 1263 2790 Terentius
1275 2774 1283 2800 ‚
1295 2751 1321 2789 et

247 2813 383 2885 popularis
396 2813 532 2868 videretuc
551 2817 652 2877 iacere,
674 2815 760 2869 asuri·
804 2813 1320 2888 ideodcprecederrtibueargumentunt

247 2893 313 2946 tium
330 2910 406 2946 suem
424 2893 559 2962 prseterit3
572 2894 720 2965 maluitque
734 2912 762 2946 se
805 2895 899 2949 sumit:
909 2899 980 2946 Alias
986 2899 1117 2965 cognostis.
1127 2897 1160 2948 tt
1171 2895 1200 2947 in
1209 2894 1322 2956 Andria,

249 2989 360 3031 avarum
381 2970 493 3036 induci,
513 2989 595 3043 quam
615 2991 665 3027 suo
687 2973 763 3045 operi
805 2985 917 3044 quaeest
930 2975 1018 3046 prima
1037 2975 1173 3041 omnium,
1189 2974 1268 3026 aliter
1281 2973 1323 3026 di·

248 3050 426 3104 diffidentem.
806 3063 890 3115 xerat,
900 3066 926 3106 et
938 3051 973 3106 de
987 3053 1087 3108 futuris
1096 3065 1189 3107 contra
1199 3071 1322 3126 sumpse·

286 3131 313 3183 8.
330 3133 465 3200 Cognostis.
478 3130 567 3185 (tuilf.
581 3151 607 3198 1,
625 3133 762 3202 cognoscis.
806 3144 850 3184 sut
878 3143 1063 3204 argumentum
1075 3129 1092 3185 τ’
1106 3158 1118 3180 ι
1131 3144 1160 3185 ut
1178 3150 1323 3204 pernosce-

251 3208 329 3264 Uuns
340 3211 390 3265 Me.
410 3212 552 3282 Argentor.
566 3214 719 3280 cognovistis.
729 3243 764 3253 —
808 3210 870 3264 tis...
883 3228 952 3284 ques
965 3212 1044 3266 faciet
1061 3211 1095 3264 de
1109 3209 1212 3282 integro
1227 3229 1325 3263 comos-

253 3291 335 3342 Deest
356 3294 409 3358 ejus
431 3290 459 3342 in
477 3290 554 3343 Leid.
580 3291 604 3343 5.
625 3323 659 3333 —
685 3297 764 3344 Hanc.
808 3289 878 3357 dias,
892 3292 1058 3363 spectando,
1071 3309 1105 3345 un
1121 3290 1325 3364 exigendaesint

252 3368 346 3427 Leidd.
372 3382 485 3442 quatuos
508 3390 575 3422 nunc
603 3373 677 3422 banc.
698 3371 765 3435 Alii,
809 3372 917 3426 vobis.»
931 3372 1135 3426 Dissimiliteriu
1150 3370 1325 3430 dissimilibus

252 3450 316 3505 itanc
335 3468 417 3510 nme,-
433 3447 481 3502 sed
499 3467 551 3504 nos
571 3448 717 3510 delevimus
736 3452 763 3503 sl
808 3451 874 3504 locis
887 3449 1015 3522 loquitur.

642 3740 930 3769 ψ·-
