2824 4778
280 446 284 454 .
363 394 585 476 nucius.
609 398 714 470 scr.
741 401 785 484 v,
809 401 878 469 sc.
903 403 951 471 11.
1116 365 1220 476 ..ι’

113 523 244 594 Verum
260 536 294 596 tc
309 523 375 596 hoc
388 549 508 597 moneo
524 553 648 616 uuum,
668 523 815 624 qualis
790 556 851 606 sun
869 535 1013 622 amicus,
1033 551 1090 606 aut
1106 539 1185 674 quid

277 631 442 750 possiem,

114 735 248 826 Potius,
270 761 371 832 quarn
391 737 558 824 iuimicus,
571 739 732 838 periclum
755 743 866 816 facias.

361 968 586 1058 scutra
624 970 971 1104 suentana:

313 1180 562 1249 PHIDIPPUS.
586 1179 771 1250 LACHES.
795 1181 993 1253 BACCHIS.

115 1375 184 1446 ΡΗ.
206 1369 264 1444 Nil
279 1371 369 1466 apud
384 1395 437 1444 me
452 1372 512 1444 tibi

115 1477 245 1547 Defieri
265 1479 390 1572 patiar,
414 1478 514 1570 quin,
535 1477 625 1570 quod
638 1501 723 1571 opus
741 1479 805 1560 sit,
828 1477 969 1572 benigue
991 1481 1186 1573 praebeatur.

117 1582 186 1653 Sed
205 1597 241 1652 tu
255 1607 358 1677 quum
373 1596 484 1652 satura
500 1597 599 1678 atque
610 1583 702 1652 ebria
717 1583 798 1670 cris,
819 1597 853 1650 et
864 1607 949 1678 puer
969 1599 1007 1652 ut
1021 1600 1112 1654 satur
1131 1590 1188 1676 sit,

283 1689 393 1762 facito.
1152 1729 1188 1768 ιιι

117 1799 186 1865 Ls.
201 1797 324 1866 Noster
335 1793 564 1879 socer,vrdeo
580 1795 687 1879 venit3
700 1794 863 1864 nutricem
877 1817 981 1888 puero
992 1794 1134 1869 addunt

116 1901 298 1998 Phidippe,
318 1899 458 1975 Bacchis
476 1899 601 1994 dejerat
617 1914 799 1995 persancte.
812 1900 875 1968 Pu.
895 1901 1047 1970 Haeccine
1065 1927 1104 1972 ea
1123 1902 1191 1984 'sti

278 2010 341 2080 La.
364 2011 443 2079 Haec
462 2020 521 2078 est.

117 2116 182 2186 Pfl.
196 2115 267 2184 Nec
283 2112 366 2207 pol'
356 2127 427 2182 istae
438 2126 591 2181 metuunt
601 2114 708 2196 Deos,
727 2134 834 2210 neque
849 2111 909 2180 has
921 2115 1083 2207 respicere
1098 2115 1189 2190 Deos

278 2244 406 2315 ΟΡΙΠΟΓ.

153 2401 216 2469 766.
228 2404 332 2462 Moneo,
350 2401 505 2475 jungecum
514 2401 630 2466 periclum
711 2401 771 2470 769.
785 2401 887 2470 Defieri,
898 2397 996 2458 deesse.
1010 2429 1046 2440 --
1059 2403 1187 2470 Benigne,

110 2480 213 2544 jacias,
232 2497 273 2530 vs.
288 2497 343 2552 seq.
668 2473 758 2549 large.

155 2557 216 2628 767.
227 2560 344 2610 Periclem
346 2558 403 2625 fac.
416 2556 477 2610 Lib.
497 2567 551 2609 ant.
564 2555 627 2613 add.
710 2571 771 2626 770.
790 2561 824 2606 n«
841 2575 922 2623 quum.
937 2555 982 2608 Sic
997 2555 1128 2609 veriorem
1142 2557 1188 2610 Be.

118 2641 150 2692 Β.
156 2639 256 2704 faciam
273 2640 364 2688 sedrrlo.
380 2633 432 2690 sed
445 2634 516 2688 harre
525 2652 632 2706 respon·
675 2633 920 2694 ordinemlaudabis
930 2633 1058 2704 praevuig.
1072 2649 1187 2702 quonian·

119 2714 223 2767 sionem
233 2713 371 2767 Bacchidis
379 2733 434 2768 nou
443 2713 506 2770 hab.
514 2713 531 2766 l.
539 2712 630 2770 Bemb.
675 2712 806 2782 siquidem
835 2730 867 2764 ex
900 2707 1012 2764 adverso
1038 2707 1188 2782 adspexeris

117 2810 170 2846 nec
180 2804 219 2846 est
228 2792 296 2844 mihi
304 2792 332 2844 in
345 2793 374 2846 C.
384 2793 418 2846 G.
432 2809 524 2845 m.nec
535 2790 632 2846 vidisse
672 2791 1186 2864 puerar.-Et.Bs.orbana-Ebria,
1243 2853 1247 2862 ι

118 2869 189 2923 sein
203 2870 256 2924 suis
270 2872 316 2924 Be.
334 2881 453 2933 testatur,
467 2868 630 2923 nisiinuno.
675 2869 779 2922 affatim
799 2881 883 2940 pasta.
914 2869 956 2922 Ne
981 2880 1070 2922 autem
1096 2887 1188 2922 vocem

117 2953 184 3003 Perl.
205 2979 242 2990 -
267 2955 345 3016 Qum
367 2952 432 3002 inim.
452 2949 542 3014 Quam
561 2947 631 3018 peri·
676 2947 746 3002 hanc
762 2947 864 3020 vulgari
882 2967 959 3002 sensu
982 2949 1009 3002 h.
1027 2949 1045 3000 i.
1065 2948 1187 3019 accipias.

119 3029 191 3082 cium
222 3027 302 3078 facias
333 3027 511 3100 (experiaris)
544 3026 631 3098 qualis
710 3045 771 3097 771.
784 3030 901 3082 Adducis.
915 3027 978 3082 Lib.
988 3025 1069 3100 antiq.
1087 3030 1185 3078 addua.

119 3107 171 3159 sim
189 3105 321 3158 inimicus.
343 3105 400 3158 Hoc
419 3123 503 3175 genus
522 3103 631 3156 commi·
674 3137 710 3147 -
731 3112 814 3170 Socer,
832 3105 861 3159 h.
888 3106 907 3158 l.
929 3124 1063 3158 consocer.
1082 3105 1189 3175 Proprie

118 3185 253 3250 nationis,
276 3197 305 3238 ut
327 3185 363 3242 ait
384 3187 517 3248 Donatus,
542 3183 631 3236 minus
676 3183 747 3237 enim
767 3181 899 3255 Pamphili
918 3182 1025 3254 quidem
1041 3201 1124 3248 socer,
1137 3183 1188 3236 La·

117 3267 201 3318 habet
216 3263 412 3328 amaritudinis,
421 3263 468 3318 sed
483 3263 633 3336 plurimum
677 3263 760 3316 chetis
769 3281 833 3317 vero
842 3261 940 3320 affinis
945 3271 1002 3314 erat
1011 3259 1169 3332 Phidippus

118 3343 266 3416 gravitatis.
712 3361 770 3413 77²·
765 3345 890 3410 Deserat.
899 3341 927 3392 Si
945 3351 1067 3410 correpte
1077 3343 1187 3406 dres'crat,

155 3421 199 3476 So.
209 3441 242 3476 11.
245 3421 334 3476 Verba
343 3419 453 3474 nutricis
464 3420 543 3478 fuisse
550 3419 631 3478 Poeta
675 3422 764 3472 Deos'
754 3433 842 3492 Jurat;
854 3439 875 3471 s1
867 3417 1015 3489 producte
1024 3417 1128 3484 dejerat,
1135 3413 1189 3470 val·

118 3499 283 3554 demonstrat
295 3512 407 3572 petentis
421 3500 502 3570 longo
514 3499 627 3560 ordine
674 3499 796 3570 dejurat
808 3505 918 3550 oon..-
933 3505 1066 3547 Persancce
1071 3495 1189 3566 ,religio-

118 3597 178 3648 quu
190 3580 242 3632 sibi
256 3577 398 3652 praebenda
410 3581 470 3631 sint.
479 3577 558 3630 Unde
567 3597 631 3649 qua·
675 3597 711 3630 se.
723 3607 758 3618 -
772 3581 885 3632 Haeccine
898 3595 929 3628 ea
938 3585 995 3626 ost?
1007 3574 1090 3642 Quasi
1102 3573 1189 3627 dicat:

119 3658 142 3712 si
155 3659 233 3712 taedio
243 3658 405 3728 singulorum
414 3657 632 3730 generaliterhaec
676 3655 757 3719 uhaec,
771 3675 852 3727 quam
864 3655 940 3710 uxori
952 3653 1109 3726 Pamphilus
1118 3666 1190 3707 ante·

118 3735 265 3808 respondit.
278 3735 547 3808 D.-Sequiturpars
556 3753 631 3808 supe·
676 3735 759 3806 ponit.
773 3760 787 3780 a

117 3816 534 3886 rioriscor'atroversiaepostrema,
540 3813 633 3866 acrior
713 3815 775 3886 773.
790 3819 848 3868 Istra
854 3829 989 3884 quarum
1000 3809 1028 3860 iu
1039 3827 1151 3862 numero
1160 3821 1189 3862 tu

118 3896 199 3948 Pater
221 3895 294 3948 euim
317 3895 414 3966 puellae
439 3907 516 3966 negat
534 3892 634 3963 juranti
680 3911 715 3946 es.
726 3893 797 3945 Dicit
812 3893 870 3960 haec
883 3889 1030 3960 Phidippus
1043 3889 1190 3940 cumvultn

118 3973 193 4026 credi
214 3985 347 4046 oportere
359 3974 501 4028 meretrici.
510 3977 636 4042 Euga-
680 3971 857 4045 despicientis.
875 3999 909 4010 —-
927 3971 1070 4035 Harrespic
1071 3987 1127 4030 are,
1141 3968 1190 4020 ha·

121 4055 184 4116 Tibi,
193 4052 326 4106 nutricem
335 4053 490 4128 alloquatur
682 4069 742 4107 rum
750 4061 933 4122 respectum
906 4047 1013 4101 habere.
1021 4045 1098 4100 Estrn
1106 4047 1179 4100 verbi

996 4143 1064 4242 ιι,4
