2864 4776
255 348 323 423 322
478 339 661 412 PUBLII
685 335 942 408 TERENTll
967 337 1090 408 lunt

146 481 148 488 ’
252 483 320 552 Dn.
336 473 506 574 ‘Equidem
529 466 641 543 hercle
659 471 781 542 nescio.
808 473 875 541 Cn.
899 471 976 542 Vin‘
999 469 1109 542 scire?
1138 472 1244 540 atita
1268 497 1324 542 rne

412 593 522 654 servet
541 579 690 674 Jupiter,

252 696 303 764 Ut
317 690 458 788 propior
481 683 547 772 illi,
570 707 672 780 quam
696 707 760 778 ego
786 693 860 752 sum
879 707 919 752 ac
943 697 1002 772 tu,
1029 683 1135 753 homo
1156 707 1258 756 nemo
1272 687 1323 754 ’st

413 797 481 865 Dr.
501 791 548 862 Di
564 805 712 861 vostram
730 785 847 859 fidem!

252 909 377 977 Eamus
392 900 436 972 ad
455 901 561 995 ipsam
586 921 595 964 ε
619 921 688 966 una
708 909 825 966 ornnes
846 921 908 966 nos
929 909 988 966 aut
1013 897 1098 966 seire
1111 910 1177 966 aut
1194 899 1325 967 nescire

410 1007 478 1076 hoc
494 1003 583 1075 volo.
611 1005 677 1074 Crr.
697 997 772 1072 Ah!
1200 988 1204 998 ¹

252 1119 319 1188 Dn.
334 1111 425 1204 Quid
440 1101 512 1182 est?
527 1113 595 1181 Cn.
606 1109 692 1178 Itan’
707 1131 845 1204 parvam
859 1107 942 1178 mihi
957 1107 1058 1178 tidem
1075 1131 1147 1177 asse
1164 1107 1257 1204 apud
1268 1106 1323 1177 te?

411 1222 477 1290 Dr.
494 1215 573 1288 Vin’
587 1239 641 1284 me
659 1212 815 1285 credere?

251 1325 331 1400 Vin’
353 1326 432 1431 satis
455 1324 628 1420 quesitum
650 1320 698 1390 mi
722 1321 807 1390 istuc
827 1316 923 1390 assei
941 1343 1022 1414 ege,
1039 1319 1099 1390 fiet
1119 1345 1128 1389 :
1152 1319 1325 1416 qoidtilla

414 1429 482 1502 filia
1288 1443 1327 1481 κιο

253 1541 362 1640 Amici
380 1538 487 1610 nostri
504 1533 585 1630 quid
601 1525 826 1603 futurum’st?
842 1532 910 1602 Cn.
927 1533 1041 1603 Recte.
1060 1535 1127 1604 Dn.
1150 1533 1247 1602 Hanc
1260 1534 1326 1628 igi-

413 1658 470 1716 tur
488 1637 672 1712 mittimus?

255 1759 322 1827 Cn.
334 1748 487 1844 Quidni?
499 1751 565 1818 Dr.
579 1745 643 1816 llla
658 1740 813 1814 maneat?
828 1743 898 1814 Cn.
914 1745 1055 1816 Sic-Dr.
1067 1747 1123 1814 Ire
1142 1745 1247 1840 igitur
1267 1745 1328 1814 tibi

414 1857 508 1944 licet,
523 1853 741 1926 Nausistrata.
1418 1865 1419 1888 ÷

284 1982 350 2036 ἐυσ.
363 1979 464 2045 Nescio,
474 1992 531 2030 non
549 1973 684 2046 intelligo,
705 1979 769 2042 qno
810 1967 864 2021 hoo
881 1967 1056 2038 adverbium,
1074 1970 1122 2024 sed
1132 1970 1327 2034 adhibebatur,

254 2057 474 2132 mihisiqnifioaa.
488 2053 622 2128 Loquitur
635 2049 670 2104 ad
683 2049 767 2104 Chre·
811 2058 950 2120 qunm'ant
958 2067 1058 2122 negare
1067 2051 1189 2120 honeste,
1202 2063 1249 2105 aut
1260 2051 1329 2104 nihil
1418 2111 1419 2120 ἶ

256 2159 336 2196 mem,
811 2127 937 2182 volebant
946 2129 1118 2201 respondere.
1123 2115 1186 2184 'Iun
1200 2163 1236 2172 —
1248 2138 1327 2184 Hanc.

293 2223 354 2288 807.
368 2221 448 2268 Homo
468 2232 550 2266 nemo.
569 2211 651 2264 Abest
668 2211 771 2261 lomna
812 2203 920 2261 Sollioet
933 2207 1012 2261 amioi
1029 2210 1113 2262 nostri
1131 2209 1233 2274 filiam,
1247 2229 1328 2283 quam

255 2297 303 2353 lib,
320 2293 414 2348 Bemb.
427 2321 463 2334 -
477 2291 586 2359 Propior.
602 2289 772 2360 Sulugenere
812 2286 1261 2360 collocaredntiphonidestinstum
1267 2302 1328 2343 erat.

256 2389 283 2432 et
291 2369 527 2444 consanguinitate.
813 2369 981 2419 —Mirrr'mua
993 2367 1037 2421 Sic
1050 2387 1109 2440 sup.
1120 2371 1172 2440 674
1184 2385 1192 2420 :
1203 2370 1245 2422 «si
1256 2369 1328 2422 illam

293 2455 356 2510 808.
366 2455 434 2504 Scire
440 2463 486 2504 aut
494 2445 773 2505 nssr.l)ubitationem
814 2443 892 2508 dant,
903 2445 974 2500 hano
985 2459 1016 2499 ut
1029 2447 1142 2501 mittam.
1153 2471 1165 2494 ι

258 2535 370 2591 demum
387 2547 520 2585 amovere¹
537 2526 638 2582 -'cu.
653 2529 711 2577 At!
725 2523 772 2576 In·
851 2525 912 2579 812.
925 2527 985 2578 Illa.
999 2524 1147 2594 Phanium,
1162 2545 1223 2599 qnae
1235 2525 1331 2579 abduci

259 2609 448 2688 dignabundus
461 2608 601 2672 inclamat3
611 2624 642 2660 ac
656 2617 723 2658 nutu
732 2621 774 2657 oa·
816 2619 870 2656 non
885 2615 980 2676 potest.
1000 2636 1037 2645 -
1053 2611 1179 2669 Maneat,
1193 2605 1224 2658 in
1239 2605 1331 2658 matri·

258 2695 334 2770 pitis,
353 2692 390 2745 ob
407 2687 596 2745 Nausistratam
613 2685 724 2758 timens,
737 2683 775 2737 lo-
816 2681 908 2736 monio
920 2682 1093 2756 Antiphonis,
1103 2685 1166 2750 Qua
1175 2703 1207 2737 re
1218 2685 1256 2738 ita
1265 2685 1332 2737 inter

260 2769 363 2846 quitur,
376 2770 451 2843 quod
461 2767 562 2823 tardior
574 2766 656 2820 frater
665 2783 720 2818 non
732 2763 774 2816 in·
816 2781 893 2816 senes
915 2764 1076 2827 constituta,
1099 2763 1168 2816 nihil
1187 2783 1256 2836 opus
1275 2777 1331 2818 erat

259 2849 365 2922 telligit.
817 2841 1020 2905 Nausistratam,
1035 2853 1066 2894 ut
1079 2861 1095 2896 a
1109 2843 1279 2915 Demiphone
1293 2861 1333 2896 ro·

297 2927 359 2995 809.
372 2932 485 2977 Parvum.
505 2922 548 2974 Al.
563 2939 662 2988 parum.
682 2951 718 2960 -
735 2924 778 2971 dle
818 2933 880 2992 gata
896 2935 954 2974 erat
964 2959 972 2986 ‚
983 2922 1023 2975 ire
1041 2921 1077 2975 ad
1090 2921 1237 2986 Phanium,
1256 2923 1334 2994 eique

262 3009 330 3062 cred.
341 3005 372 3058 C.
383 3001 418 3056 G.
429 3015 465 3054 m.
478 3019 517 3052 me
526 3003 573 3050 loc
585 3001 653 3050 cred.
665 3027 702 3038 -
711 3003 776 3050 lran'
818 2999 987 3071 persuadere,
995 3003 1231 3056 utsuavoluntate'
1238 3021 1270 3054 ex
1281 3019 1334 3054 ma·

258 3081 568 3158 parv.eto.1taneparnm
574 3075 778 3132 mihieonfidist
819 3080 948 3133 trimonio
963 3079 1124 3152 Antiphonis
1144 3081 1179 3134 ad
1193 3079 1334 3134 Phormio·

300 3163 363 3218 810.
381 3163 492 3214 Vin'sat.
505 3177 586 3226 quara.
598 3167 647 3210 etc.
661 3157 720 3210 Hoc
727 3169 777 3224 est,
818 3177 881 3213 nem
893 3178 921 3212 se
930 3160 1066 3213 transferri
1075 3171 1220 3234 pateretur.
1236 3161 1334 3213 Dimit-

263 3243 356 3306 visne,
374 3259 419 3294 me
433 3240 502 3292 ultra
515 3235 582 3290 nihil
595 3235 776 3308 quaererei-
814 3238 884 3316 ¹titur
902 3257 965 3311 ergo
982 3258 989 3291 ε
1004 3265 1017 3286 α
1031 3241 1075 3292 Ire
1092 3239 1174 3312 igitur
1194 3240 1244 3292 tini
1265 3241 1335 3303 licet,

182 3333 187 3339 '
264 3327 328 3385 Fiat,
341 3339 378 3376 se,
386 3331 417 3374 ut
429 3317 524 3378 viu-
539 3317 639 3386 ittafit
653 3326 733 3388 supp.
747 3318 779 3368 de
819 3315 1011 3372 Nausistrata.»
1023 3321 1141 3372 Domum
1155 3316 1335 3373 seilicetredi·

264 3413 326 3458 ante
340 3401 407 3454 hmo.
820 3417 849 3450 re
859 3397 908 3450 tibi
918 3399 955 3450 ias
965 3397 1194 3470 estNequeenim
1203 3410 1279 3452 nnnc
1289 3407 1334 3452 tua

300 3482 362 3535 811.
375 3479 460 3530 Amici
474 3475 560 3528 nostri.
582 3473 641 3527 Hoc
654 3485 706 3537 est,
723 3485 778 3528 tna.
820 3493 901 3548 opera
912 3477 1026 3548 amplius
1036 3493 1105 3550 opus
1122 3489 1176 3542 est,
1191 3489 1335 3550 postquam

265 3561 433 3618 Convenerat
458 3554 586 3612 Chremes
613 3571 675 3606 cum
698 3552 779 3606 fratre
820 3555 908 3628 placet
922 3555 1055 3608 Phanium
1075 3569 1183 3610 manere
1197 3555 1228 3608 in
1244 3557 1337 3608 matri·

265 3635 450 3716 Demiphone,
466 3645 497 3688 ut
513 3629 597 3684 liliam
619 3651 695 3686 suam
712 3631 780 3685 Pha·
821 3635 912 3688 monio
923 3624 1095 3707 Antiphonis.
1107 3636 1196 3690 Potest
1206 3647 1301 3688 tamen
1307 3633 1337 3687 il-

264 3711 779 3784 ninmolamdaretuxoremdntiphoni,
820 3713 891 3770 lud:
919 3739 933 3761 ι
946 3714 1016 3768 hanc
1046 3714 1130 3786 igitur
1158 3711 1334 3778 mittimus,-

203 3865 209 3873 Ν
261 3797 347 3870 idqne
356 3808 387 3849 nt
399 3813 434 3848 ne
447 3793 525 3847 sciret
537 3791 715 3855 Nausistrata,
728 3789 779 3844 fin·
820 3794 899 3847 etiam
920 3794 995 3848 aliter
1013 3794 1100 3866 accipi
1113 3793 1338 3858 :'l1anc,Nansi·

247 3918 251 3924 ,
266 3877 364 3948 gebant
376 3875 450 3929 illam
465 3891 520 3928 esse
539 3871 620 3926 amici
638 3869 779 3944 cujusdam
821 3873 1148 3945 stratam,igiturdomnm
1160 3873 1337 3938 dimittamus,

266 3953 357 4008 liliam.
369 3957 540 4007 rua-recu.
550 3953 628 4005 Recte
636 3949 779 4018 admones;
821 3971 856 4006 ne
869 3953 1024 4026 pergatire,
1037 3971 1095 4025 quo
1104 3954 1203 4026 erepit,
1217 3952 1253 4008 ad
1268 3952 1345 4012 Pha-1
1416 3959 1417 3974 ¹

266 4044 313 4087 aut
332 4031 383 4086 ute
399 4029 537 4105 quiddam.
554 4024 629 4084 ttfflil
648 4029 780 4103 significat
822 4033 906 4086 nium.
919 4035 996 4086 neu.
