2864 4776
243 393 315 470 326
469 395 652 466 PUBLII
676 395 935 466 TERENTII
960 391 1086 462 ΑΕΒ]

241 530 306 602 Sed
328 529 450 601 ostium
470 531 666 706 cogcrepmt
690 529 811 600 abste.
830 529 869 598 A.
888 526 991 612 Vide,
1013 527 1087 621 quis
1108 523 1313 620 egrediatur.

400 639 487 708 Pno.
545 649 600 705 eta
612 633 661 706 ’st

516 889 744 980 SCENA
789 887 1032 980 SEXTA.

456 1100 590 1170 cars.
617 1096 829 1170 murno.
855 1097 1086 1170 racemo.
1195 1201 1200 1216 Ι

169 1389 173 1396 ,
236 1305 279 1376 G.
298 1305 331 1372 Ο
348 1296 500 1372 fortuna!
516 1325 538 1370 o
552 1299 621 1372 fors
635 1297 789 1372 fortuna!
804 1303 936 1398 quantis
947 1301 1257 1392 commoditatibus,
1271 1321 1311 1367 uo

236 1411 348 1501 Quam
359 1407 490 1496 subito,
507 1406 591 1478 hero
608 1433 684 1479 meo
704 1409 890 1506 Antiphoni
907 1435 972 1506 ope
987 1422 1099 1479 vestra
1115 1409 1208 1480 hunc
1229 1434 1311 1479 oue·
1413 1447 1414 1494 3

396 1515 493 1585 rastis
508 1509 614 1583 diem!

234 1627 277 1694 A·
293 1619 465 1714 Quidnam
482 1621 539 1690 hic
559 1620 621 1691 sibi
636 1611 733 1690 volt?
746 1622 789 1692 G.
806 1623 959 1718 Nosque,
978 1621 1102 1692 amicos
1117 1621 1211 1718 ejus,
1230 1645 1309 1692 exo·

394 1727 534 1798 ncrastis
554 1722 667 1797 metu!

235 1832 301 1905 Sed
313 1858 377 1929 ego
395 1859 486 1904 nuuc
505 1833 588 1904 mihi
614 1859 726 1921 cesso,
743 1833 801 1929 qui
819 1859 889 1905 uon
901 1834 1079 1906 humerum
1099 1833 1191 1906 hunc
1205 1859 1309 1904 onero
1413 1835 1414 1844 ‘

417 1939 494 2010 allio
506 1965 515 1983 ·

234 2049 344 2142 Atque
361 1965 532 2116 hdminerir
550 2071 696 2142 propero
715 2047 881 2136 iuvenire,
901 2061 940 2118 ut
955 2049 1028 2120 haec
1040 2103 1050 2138 ‚
1063 2072 1137 2143 quae
1159 2049 1307 2144 contige·

396 2155 483 2242 rint,
502 2153 594 2224 sciat.

234 2260 276 2328 r.
300 2259 391 2329 uum
417 2273 456 2327 tu
473 2257 647 2353 intelligis,
665 2257 747 2352 qun
770 2257 827 2327 ue
853 2258 989 2330 „aaut
1017 2263 1106 2332 ruo.
1131 2263 1225 2334 uum
1247 2258 1308 2330 tur

394 2369 434 2433 Α.
462 2361 526 2458 Nil.
545 2365 638 2434 Pno.
667 2365 889 2435 Tantumdem
911 2391 985 2462 ego.
1269 2393 1305 2440 ης
1413 2409 1414 2466 3

236 2469 279 2540 G.
302 2469 356 2541 Ad
373 2467 527 2542 lenonem
542 2469 622 2540 hinc
635 2471 683 2540 ire
695 2495 834 2567 pergam
850 2497 857 2540 :
874 2471 920 2542 ibi
935 2499 1025 2544 nunc
1039 2488 1127 2544 sunt.
1142 2473 1182 2544 Δ.
1195 2475 1305 2561 HeuS,
1413 2537 1414 2544 ,

396 2574 506 2649 Geta!
530 2580 573 2648 G.
588 2581 675 2648 Hem
698 2573 780 2647 tibi!

235 2802 263 2845 et
279 2789 353 2864 quod
370 2791 428 2864 ipse
445 2775 544 2846 fatetur
556 2811 585 2846 se
596 2791 747 2864 accepisse,
791 2791 910 2864 loquitur
919 2793 1050 2868 Antipho.
1060 2796 1307 2854 nonaudieuteGe
1413 2799 1414 2852 Ϊ

203 2873 207 2884 “
235 2871 369 2942 sup.828.
792 2879 998 2944 ta.—Nosque‚
1016 2888 1068 2930 etc.
1088 2877 1140 2931 Per
1148 2879 1305 2950 particulam

270 2949 331 3016 839.
346 2951 406 3017 Quis
414 2951 494 3018 egaed.
509 2949 585 3002 Bent.
599 2953 644 3018 qui
654 2969 705 3019 egr.
716 2969 749 3004 ex
793 2973 841 3020 que
851 2955 1018 3009 continuatio
1023 2955 1159 3010 iudicatur
1170 2957 1244 3012 Geta
1252 2977 1305 3012 aer-

235 3027 359 3080 auctorit.
372 3027 448 3080 Faer.
465 3057 501 3068 -
520 3032 569 3080 Abs
589 3043 620 3080 ts.
635 3027 749 3083 Abstua
792 3031 889 3086 monis.
908 3063 944 3075 -
961 3037 1145 3099 annerastis,
1168 3037 1306 3092 antithesis
1413 3085 1414 3114 ζ

234 3103 317 3160 domo
328 3126 335 3161 τ
346 3118 399 3160 tuae
417 3105 513 3162 domus
527 3107 633 3160 ostium.
792 3110 905 3182 elegans.

268 3185 310 3241 Sc.
323 3205 363 3241 vr.
383 3187 446 3241 Huc
466 3205 546 3242 scena
561 3199 647 3240 totum
668 3187 748 3242 solvit
828 3191 1306 3261 843.Humerum.dl.umemm,litt.d

233 3265 454 3338 errorem,quod
466 3265 557 3340 puella
573 3277 612 3320 est
629 3265 748 3338 cognita,
791 3265 907 3334 pracisa.
921 3296 958 3306 -
972 3267 1037 3318 uiti
1052 3287 1134 3333 cesso,
1152 3286 1195 3321 me
1217 3269 1305 3340 ipsum
1413 3265 1414 3322 i

234 3355 260 3397 et
268 3343 341 3416 quod
352 3343 508 3399 conceditur
517 3343 671 3416 Antiphoni.
678 3345 749 3399 Nam
791 3349 1062 3397 moror.-uum0rum
1070 3349 1150 3412 hunc,
1159 3366 1196 3401 sc.
1206 3353 1305 3401 meum.

233 3423 301 3476 Geta
310 3441 403 3477 servus
415 3423 593 3478 narrationem
604 3425 747 3497 supponit,
791 3425 916 3474 —Pallio
924 3423 997 3478 Servi
1009 3424 1111 3498 palliati
1121 3427 1204 3498 vulgo
1216 3427 1305 3500 prodi·

233 3518 286 3573 qua
293 3498 381 3563 docet,
391 3499 619 3573 quemadmodum
629 3503 748 3576 cognitio
790 3499 855 3554 hant
866 3503 949 3556 foras.

233 3579 269 3633 sit
282 3577 386 3632 effecta.
402 3583 481 3650 Eugr.
826 3581 889 3646 844.
902 3585 1039 3636 Hominem.
1051 3581 1241 3657 Antiphonem.

269 3659 558 3731 840.0sorsfhrtuna!
571 3659 690 3714 Fortuna
707 3673 747 3714 est
795 3665 796 3670 ’
826 3659 889 3725 845.
903 3665 969 3713 Num
980 3663 1304 3718 mutuatam-uret-

231 3735 347 3790 iucertus
360 3737 398 3791 rei
414 3735 499 3792 exitus
510 3757 517 3792 :
523 3739 694 3808 forssortuna
707 3751 747 3794 est
790 3741 832 3808 lig.
842 3751 893 3793 etc.
905 3739 1119 3810 Periintelligisr’
1131 3749 1162 3811 Q.
1173 3747 1197 3797 Ιι.
1207 3759 1302 3798 nanas.

232 3818 415 3884 bonasmtuna.
826 3819 888 3884 846.
900 3825 975 3882 Sunt,
990 3821 1047 3874 scil.
1066 3821 1184 3894 Antipho
1194 3834 1220 3876 et
1229 3823 1303 3878 Phe·

267 3897 328 3960 841.
344 3899 484 3964 onerastis,
498 3895 661 3951 cumulastis.
790 3895 967 3952 dria-Hem
978 3903 1030 3954 tibi.
1042 3897 1144 3956 Eadem
1157 3921 1211 3957 vox
1220 3903 1302 3977 repeti

268 3973 574 4044 842.Nosquo.Ms.We.
584 3997 630 4029 uos
639 3997 743 4046 quoque.
789 3975 975 4032 debuitcall.
990 3981 1036 4032 tt!
1049 3985 1132 4035 Geta!
1146 3981 1180 4037 G.
1194 3987 1248 4039 Hd!
1261 3986 1301 4035 toi·

232 4055 369 4120 -Qut'du.
383 4057 408 4106 d.
421 4055 577 4111 sataliae
591 4056 625 4111 ad
638 4057 744 4110 Phorm.
790 4057 875 4112 maimo.
883 4055 979 4111 Faber.
1293 4053 1296 4060 .
