<?xml version="1.0" encoding="UTF-8"?>
<!DOCTYPE html PUBLIC "-//W3C//DTD XHTML 1.0 Transitional//EN"
    "http://www.w3.org/TR/xhtml1/DTD/xhtml1-transitional.dtd">
<html xmlns="http://www.w3.org/1999/xhtml" xml:lang="en" lang="en">
 <head>
  <title>
</title>
<meta http-equiv="Content-Type" content="text/html;charset=utf-8" />
  <meta name='ocr-system' content='tesseract 3.04.00' />
  <meta name='ocr-capabilities' content='ocr_page ocr_carea ocr_par ocr_line ocrx_word'/>
</head>
<body>
  <div class='ocr_page' id='page_1' title='image "./publiiterentiia01lemagoog_0281.png"; bbox 0 0 2824 4778; ppageno 0'>
   <div class='ocr_carea' id='block_1_1' title="bbox 226 327 1052 426">
    <p class='ocr_par' dir='ltr' id='par_1_1' title="bbox 226 327 1052 426">
     <span class='ocr_line' id='line_1_1' title="bbox 226 327 1052 426; baseline -0.005 -22"><span class='ocrx_word' id='word_1_1' title='bbox 226 333 301 426; x_wconf 73' lang='lat'><strong>²74</strong></span> <span class='ocrx_word' id='word_1_2' title='bbox 459 327 632 399; x_wconf 79' lang='lat' dir='ltr'><strong>runnu</strong></span> <span class='ocrx_word' id='word_1_3' title='bbox 659 327 907 402; x_wconf 73' lang='lat' dir='ltr'><strong>retentu</strong></span> <span class='ocrx_word' id='word_1_4' title='bbox 934 329 1052 400; x_wconf 76' lang='lat' dir='ltr'><strong>nrm</strong></span> 
     </span>
    </p>
   </div>
   <div class='ocr_carea' id='block_1_2' title="bbox 226 456 1410 1720">
    <p class='ocr_par' dir='ltr' id='par_1_2' title="bbox 227 456 1101 546">
     <span class='ocr_line' id='line_1_2' title="bbox 227 456 1101 546; baseline -0.007 -8"><span class='ocrx_word' id='word_1_5' title='bbox 227 469 269 538; x_wconf 91' lang='lat' dir='ltr'><strong>G.</strong></span> <span class='ocrx_word' id='word_1_6' title='bbox 294 463 329 534; x_wconf 83' lang='lat' dir='ltr'><strong>si</strong></span> <span class='ocrx_word' id='word_1_7' title='bbox 343 462 462 532; x_wconf 90' lang='lat' dir='ltr'><strong>herum</strong></span> <span class='ocrx_word' id='word_1_8' title='bbox 482 456 686 530; x_wconf 84' lang='lat' dir='ltr'><strong>insimulabis</strong></span> <span class='ocrx_word' id='word_1_9' title='bbox 707 457 853 546; x_wconf 77' lang='lat' dir='ltr'><strong>malitie,</strong></span> <span class='ocrx_word' id='word_1_10' title='bbox 875 459 960 532; x_wconf 83' lang='lat' dir='ltr'><strong>mele</strong></span> <span class='ocrx_word' id='word_1_11' title='bbox 979 461 1101 532; x_wconf 82' lang='lat' dir='ltr'><strong>audies.</strong></span> 
     </span>
    </p>

    <p class='ocr_par' dir='ltr' id='par_1_3' title="bbox 226 561 1300 768">
     <span class='ocr_line' id='line_1_3' title="bbox 226 561 1300 642; baseline -0.009 0"><span class='ocrx_word' id='word_1_12' title='bbox 226 573 292 642; x_wconf 79' lang='lat' dir='ltr'><strong>Dr.</strong></span> <span class='ocrx_word' id='word_1_13' title='bbox 315 561 544 638; x_wconf 85' lang='lat' dir='ltr'><strong>Oaudaciaml</strong></span> <span class='ocrx_word' id='word_1_14' title='bbox 567 565 665 636; x_wconf 89' lang='lat' dir='ltr'><strong>etiam</strong></span> <span class='ocrx_word' id='word_1_15' title='bbox 680 589 735 634; x_wconf 91' lang='lat' dir='ltr'><strong>me</strong></span> <span class='ocrx_word' id='word_1_16' title='bbox 753 564 843 634; x_wconf 89' lang='lat' dir='ltr'><strong>ultro</strong></span> <span class='ocrx_word' id='word_1_17' title='bbox 861 583 1051 640; x_wconf 84' lang='lat' dir='ltr'><strong>accusatum</strong></span> <span class='ocrx_word' id='word_1_18' title='bbox 1065 567 1225 638; x_wconf 83' lang='lat' dir='ltr'><strong>advenit?</strong></span> <span class='ocrx_word' id='word_1_19' title='bbox 1259 592 1300 632; x_wconf 76' lang='lat' dir='ltr'><strong>n.</strong></span> 
     </span>
     <span class='ocr_line' id='line_1_4' title="bbox 226 669 1229 768; baseline -0.003 -21"><span class='ocrx_word' id='word_1_20' title='bbox 226 680 315 748; x_wconf 82' lang='lat' dir='ltr'><strong>Pno.</strong></span> <span class='ocrx_word' id='word_1_21' title='bbox 337 675 423 746; x_wconf 85' lang='lat' dir='ltr'><strong>Nam</strong></span> <span class='ocrx_word' id='word_1_22' title='bbox 434 674 503 766; x_wconf 90' lang='lat' dir='ltr'><strong>jam</strong></span> <span class='ocrx_word' id='word_1_23' title='bbox 514 669 714 742; x_wconf 85' lang='lat' dir='ltr'><strong>adolescenti</strong></span> <span class='ocrx_word' id='word_1_24' title='bbox 727 670 809 742; x_wconf 86' lang='lat' dir='ltr'><strong>nihil</strong></span> <span class='ocrx_word' id='word_1_25' title='bbox 823 673 981 768; x_wconf 84' lang='lat' dir='ltr'><strong>est-quod</strong></span> <span class='ocrx_word' id='word_1_26' title='bbox 998 699 1229 762; x_wconf 76' lang='lat' dir='ltr'>succenseam,</span> 
     </span>
    </p>

    <p class='ocr_par' dir='ltr' id='par_1_4' title="bbox 229 778 1173 982">
     <span class='ocr_line' id='line_1_5' title="bbox 230 778 1173 877; baseline -0.002 -25"><span class='ocrx_word' id='word_1_27' title='bbox 230 783 264 853; x_wconf 90' lang='lat' dir='ltr'><strong>Si</strong></span> <span class='ocrx_word' id='word_1_28' title='bbox 283 780 375 850; x_wconf 92' lang='lat' dir='ltr'><strong>illum</strong></span> <span class='ocrx_word' id='word_1_29' title='bbox 394 781 502 850; x_wconf 88' lang='lat' dir='ltr'><strong>minus</strong></span> <span class='ocrx_word' id='word_1_30' title='bbox 520 791 640 848; x_wconf 89' lang='lat' dir='ltr'><strong>norat:</strong></span> <span class='ocrx_word' id='word_1_31' title='bbox 661 778 783 874; x_wconf 85' lang='lat' dir='ltr'><strong>quippe</strong></span> <span class='ocrx_word' id='word_1_32' title='bbox 800 778 904 850; x_wconf 88' lang='lat' dir='ltr'><strong>horno</strong></span> <span class='ocrx_word' id='word_1_33' title='bbox 920 780 989 874; x_wconf 87' lang='lat' dir='ltr'><strong>jam</strong></span> <span class='ocrx_word' id='word_1_34' title='bbox 1004 782 1173 877; x_wconf 83' lang='lat' dir='ltr'><strong>grandior,</strong></span> 
     </span>
     <span class='ocr_line' id='line_1_6' title="bbox 229 885 989 982; baseline 0.003 -26"><span class='ocrx_word' id='word_1_35' title='bbox 229 891 376 982; x_wconf 81' lang='lat' dir='ltr'><strong>Pauper,</strong></span> <span class='ocrx_word' id='word_1_36' title='bbox 396 887 450 956; x_wconf 89' lang='lat' dir='ltr'><strong>oui</strong></span> <span class='ocrx_word' id='word_1_37' title='bbox 470 887 505 954; x_wconf 92' lang='lat' dir='ltr'><strong>in</strong></span> <span class='ocrx_word' id='word_1_38' title='bbox 526 909 627 980; x_wconf 91' lang='lat' dir='ltr'><strong>opere</strong></span> <span class='ocrx_word' id='word_1_39' title='bbox 642 885 709 954; x_wconf 89' lang='lat' dir='ltr'><strong>vita</strong></span> <span class='ocrx_word' id='word_1_40' title='bbox 726 897 815 971; x_wconf 92' lang='lat' dir='ltr'><strong>erat,</strong></span> <span class='ocrx_word' id='word_1_41' title='bbox 835 887 904 958; x_wconf 86' lang='lat' dir='ltr'><strong>ruti</strong></span> <span class='ocrx_word' id='word_1_42' title='bbox 920 886 989 959; x_wconf 81' lang='lat' dir='ltr'><strong>lere</strong></span> 
     </span>
    </p>

    <p class='ocr_par' dir='ltr' id='par_1_5' title="bbox 228 989 1003 1088">
     <span class='ocr_line' id='line_1_7' title="bbox 228 989 1003 1088; baseline -0.005 -22"><span class='ocrx_word' id='word_1_43' title='bbox 228 997 271 1066; x_wconf 87' lang='lat' dir='ltr'><strong>Se</strong></span> <span class='ocrx_word' id='word_1_44' title='bbox 288 992 495 1080; x_wconf 71' lang='lat' dir='ltr'><strong>continebat,</strong></span> <span class='ocrx_word' id='word_1_45' title='bbox 516 991 561 1062; x_wconf 92' lang='lat' dir='ltr'><strong>ibi</strong></span> <span class='ocrx_word' id='word_1_46' title='bbox 581 1015 698 1086; x_wconf 81' lang='lat' dir='ltr'><strong>agrum</strong></span> <span class='ocrx_word' id='word_1_47' title='bbox 713 989 754 1062; x_wconf 89' lang='lat' dir='ltr'><strong>de</strong></span> <span class='ocrx_word' id='word_1_48' title='bbox 772 1005 889 1064; x_wconf 86' lang='lat' dir='ltr'><strong>nostro</strong></span> <span class='ocrx_word' id='word_1_49' title='bbox 909 1007 1003 1088; x_wconf 87' lang='lat' dir='ltr'><strong>patre</strong></span> 
     </span>
    </p>

    <p class='ocr_par' dir='ltr' id='par_1_6' title="bbox 227 1097 1301 1298">
     <span class='ocr_line' id='line_1_8' title="bbox 228 1097 1301 1190; baseline 0 -20"><span class='ocrx_word' id='word_1_50' title='bbox 228 1097 414 1173; x_wconf 79' lang='lat' dir='ltr'><strong>Colendum</strong></span> <span class='ocrx_word' id='word_1_51' title='bbox 432 1098 601 1170; x_wconf 80' lang='lat' dir='ltr'><strong>habehat:</strong></span> <span class='ocrx_word' id='word_1_52' title='bbox 621 1121 707 1190; x_wconf 86' lang='lat' dir='ltr'><strong>saepe</strong></span> <span class='ocrx_word' id='word_1_53' title='bbox 724 1097 849 1171; x_wconf 88' lang='lat' dir='ltr'><strong>interea</strong></span> <span class='ocrx_word' id='word_1_54' title='bbox 863 1099 945 1172; x_wconf 90' lang='lat' dir='ltr'><strong>mihi</strong></span> <span class='ocrx_word' id='word_1_55' title='bbox 957 1125 1057 1172; x_wconf 83' lang='lat' dir='ltr'><strong>senex</strong></span> <span class='ocrx_word' id='word_1_56' title='bbox 1259 1123 1301 1162; x_wconf 74' lang='lat' dir='ltr'><strong>sss</strong></span> 
     </span>
     <span class='ocr_line' id='line_1_9' title="bbox 227 1201 1080 1298; baseline 0 -24"><span class='ocrx_word' id='word_1_57' title='bbox 227 1206 410 1289; x_wconf 81' lang='lat' dir='ltr'><strong>Narrabat,</strong></span> <span class='ocrx_word' id='word_1_58' title='bbox 433 1231 467 1276; x_wconf 89' lang='lat' dir='ltr'><strong>se</strong></span> <span class='ocrx_word' id='word_1_59' title='bbox 488 1205 579 1274; x_wconf 88' lang='lat' dir='ltr'><strong>hune</strong></span> <span class='ocrx_word' id='word_1_60' title='bbox 594 1201 760 1297; x_wconf 79' lang='lat' dir='ltr'><strong>negligere</strong></span> <span class='ocrx_word' id='word_1_61' title='bbox 776 1220 955 1298; x_wconf 79' lang='lat' dir='ltr'><strong>cognatum</strong></span> <span class='ocrx_word' id='word_1_62' title='bbox 974 1231 1080 1280; x_wconf 86' lang='lat' dir='ltr'><strong>suum.</strong></span> 
     </span>
    </p>

    <p class='ocr_par' dir='ltr' id='par_1_7' title="bbox 226 1305 1410 1618">
     <span class='ocr_line' id='line_1_10' title="bbox 226 1305 1410 1406; baseline 0 -24"><span class='ocrx_word' id='word_1_63' title='bbox 226 1317 271 1382; x_wconf 81' lang='lat' dir='ltr'><strong>tt</strong></span> <span class='ocrx_word' id='word_1_64' title='bbox 283 1337 383 1406; x_wconf 90' lang='lat' dir='ltr'><strong>quem</strong></span> <span class='ocrx_word' id='word_1_65' title='bbox 396 1305 524 1380; x_wconf 86' lang='lat' dir='ltr'><strong>virum!</strong></span> <span class='ocrx_word' id='word_1_66' title='bbox 545 1333 644 1404; x_wconf 88' lang='lat' dir='ltr'><strong>quem</strong></span> <span class='ocrx_word' id='word_1_67' title='bbox 661 1333 724 1404; x_wconf 82' lang='lat' dir='ltr'><strong>ego</strong></span> <span class='ocrx_word' id='word_1_68' title='bbox 737 1309 877 1382; x_wconf 87' lang='lat' dir='ltr'><strong>viderim</strong></span> <span class='ocrx_word' id='word_1_69' title='bbox 893 1313 927 1383; x_wconf 90' lang='lat' dir='ltr'><strong>iu</strong></span> <span class='ocrx_word' id='word_1_70' title='bbox 941 1313 1009 1382; x_wconf 86' lang='lat' dir='ltr'><strong>vita</strong></span> <span class='ocrx_word' id='word_1_71' title='bbox 1025 1325 1213 1406; x_wconf 86' lang='lat' dir='ltr'><strong>optumum.</strong></span> <span class='ocrx_word' id='word_1_72' title='bbox 1409 1383 1410 1406; x_wconf 50' lang='lat'><strong>,</strong></span> 
     </span>
     <span class='ocr_line' id='line_1_11' title="bbox 229 1413 1410 1511; baseline -0.003 -23"><span class='ocrx_word' id='word_1_73' title='bbox 229 1418 436 1499; x_wconf 70' lang='lat' dir='ltr'><strong>G,Videaste</strong></span> <span class='ocrx_word' id='word_1_74' title='bbox 445 1413 701 1511; x_wconf 86' lang='lat' dir='ltr'><strong>atqueillum,ut</strong></span> <span class='ocrx_word' id='word_1_75' title='bbox 714 1439 841 1485; x_wconf 86' lang='lat' dir='ltr'><strong>narras.</strong></span> <span class='ocrx_word' id='word_1_76' title='bbox 850 1419 960 1487; x_wconf 80' lang='lat' dir='ltr'><strong>1&gt;qu</strong></span> <span class='ocrx_word' id='word_1_77' title='bbox 974 1419 1009 1485; x_wconf 92' lang='lat' dir='ltr'><strong>in</strong></span> <span class='ocrx_word' id='word_1_78' title='bbox 1015 1417 1137 1486; x_wconf 86' lang='lat' dir='ltr'><strong>malam</strong></span> <span class='ocrx_word' id='word_1_79' title='bbox 1145 1414 1298 1487; x_wconf 84' lang='lat' dir='ltr'><strong>crucem!</strong></span> <span class='ocrx_word' id='word_1_80' title='bbox 1409 1457 1410 1464; x_wconf 23' lang='grc' dir='ltr'><strong>κ</strong></span> 
     </span>
     <span class='ocr_line' id='line_1_12' title="bbox 226 1521 1195 1618; baseline -0.001 -24"><span class='ocrx_word' id='word_1_81' title='bbox 226 1527 313 1596; x_wconf 87' lang='lat' dir='ltr'><strong>Nam</strong></span> <span class='ocrx_word' id='word_1_82' title='bbox 329 1526 364 1598; x_wconf 88' lang='lat' dir='ltr'><strong>ui</strong></span> <span class='ocrx_word' id='word_1_83' title='bbox 376 1525 422 1594; x_wconf 90' lang='lat' dir='ltr'><strong>ita</strong></span> <span class='ocrx_word' id='word_1_84' title='bbox 434 1548 512 1592; x_wconf 90' lang='lat' dir='ltr'><strong>eum</strong></span> <span class='ocrx_word' id='word_1_85' title='bbox 524 1521 791 1608; x_wconf 67' lang='lat' dir='ltr'><strong>existumarem,</strong></span> <span class='ocrx_word' id='word_1_86' title='bbox 812 1547 984 1617; x_wconf 87' lang='lat' dir='ltr'><strong>nunquam</strong></span> <span class='ocrx_word' id='word_1_87' title='bbox 994 1538 1062 1592; x_wconf 88' lang='lat' dir='ltr'><strong>tam</strong></span> <span class='ocrx_word' id='word_1_88' title='bbox 1076 1547 1195 1618; x_wconf 83' lang='lat' dir='ltr'><strong>graves</strong></span> 
     </span>
    </p>

    <p class='ocr_par' dir='ltr' id='par_1_8' title="bbox 228 1628 1302 1720">
     <span class='ocr_line' id='line_1_13' title="bbox 228 1628 1302 1720; baseline 0.005 -20"><span class='ocrx_word' id='word_1_89' title='bbox 228 1631 285 1700; x_wconf 88' lang='lat' dir='ltr'><strong>Ob</strong></span> <span class='ocrx_word' id='word_1_90' title='bbox 300 1631 388 1703; x_wconf 89' lang='lat' dir='ltr'><strong>hano</strong></span> <span class='ocrx_word' id='word_1_91' title='bbox 407 1629 594 1698; x_wconf 82' lang='lat' dir='ltr'><strong>inimicitias</strong></span> <span class='ocrx_word' id='word_1_92' title='bbox 605 1650 758 1720; x_wconf 86' lang='lat' dir='ltr'><strong>caperem</strong></span> <span class='ocrx_word' id='word_1_93' title='bbox 777 1628 812 1695; x_wconf 90' lang='lat' dir='ltr'><strong>in</strong></span> <span class='ocrx_word' id='word_1_94' title='bbox 826 1643 974 1698; x_wconf 88' lang='lat' dir='ltr'><strong>nostram</strong></span> <span class='ocrx_word' id='word_1_95' title='bbox 989 1628 1165 1712; x_wconf 84' lang='lat' dir='ltr'><strong>familiam,</strong></span> <span class='ocrx_word' id='word_1_96' title='bbox 1260 1653 1302 1704; x_wconf 70' lang='lat'><strong>³70</strong></span> 
     </span>
    </p>
   </div>
   <div class='ocr_carea' id='block_1_3' title="bbox 177 1850 1318 4071">
    <p class='ocr_par' dir='ltr' id='par_1_9' title="bbox 230 1850 1307 2238">
     <span class='ocr_line' id='line_1_14' title="bbox 265 1850 1193 1926; baseline 0 -19"><span class='ocrx_word' id='word_1_97' title='bbox 265 1858 325 1926; x_wconf 77' lang='lat'><strong>359.</strong></span> <span class='ocrx_word' id='word_1_98' title='bbox 337 1859 452 1908; x_wconf 74' lang='lat' dir='ltr'><strong>Malitia.</strong></span> <span class='ocrx_word' id='word_1_99' title='bbox 464 1854 517 1906; x_wconf 88' lang='lat' dir='ltr'><strong>Uu.</strong></span> <span class='ocrx_word' id='word_1_100' title='bbox 530 1871 563 1906; x_wconf 86' lang='lat' dir='ltr'><strong>ex</strong></span> <span class='ocrx_word' id='word_1_101' title='bbox 574 1850 652 1906; x_wconf 83' lang='lat' dir='ltr'><strong>codd.</strong></span> <span class='ocrx_word' id='word_1_102' title='bbox 665 1850 740 1905; x_wconf 78' lang='lat' dir='ltr'><strong>Bent.</strong></span> <span class='ocrx_word' id='word_1_103' title='bbox 822 1852 884 1907; x_wconf 83' lang='grc'><strong>365.</strong></span> <span class='ocrx_word' id='word_1_104' title='bbox 895 1858 992 1920; x_wconf 63' lang='grc' dir='ltr'><strong>δοκεῖ,</strong></span> <span class='ocrx_word' id='word_1_105' title='bbox 1002 1864 1076 1924; x_wconf 78' lang='lat' dir='ltr'><strong>peter</strong></span> <span class='ocrx_word' id='word_1_106' title='bbox 1086 1853 1193 1908; x_wconf 73' lang='lat' dir='ltr'><strong>Phanii.</strong></span> 
     </span>
     <span class='ocr_line' id='line_1_15' title="bbox 230 1929 1304 2004; baseline -0.001 -14"><span class='ocrx_word' id='word_1_107' title='bbox 230 1939 350 1990; x_wconf 76' lang='lat' dir='ltr'><strong>avaritia..</strong></span> <span class='ocrx_word' id='word_1_108' title='bbox 366 1963 399 1972; x_wconf 90' lang='lat'><em>-</em></span> <span class='ocrx_word' id='word_1_109' title='bbox 414 1936 531 1994; x_wconf 69' lang='lat' dir='ltr'><strong>Malitia,</strong></span> <span class='ocrx_word' id='word_1_110' title='bbox 546 1929 742 2002; x_wconf 74' lang='lat' dir='ltr'><strong>improbitatis,</strong></span> <span class='ocrx_word' id='word_1_111' title='bbox 823 1931 883 1984; x_wconf 79' lang='lat'><strong>366.</strong></span> <span class='ocrx_word' id='word_1_112' title='bbox 896 1937 926 1983; x_wconf 84' lang='lat' dir='ltr'><strong>Se</strong></span> <span class='ocrx_word' id='word_1_113' title='bbox 938 1935 1003 1986; x_wconf 76' lang='lat' dir='ltr'><strong>hane</strong></span> <span class='ocrx_word' id='word_1_114' title='bbox 1017 1936 1140 2004; x_wconf 61' lang='lat' dir='ltr'><strong>negligens</strong></span> <span class='ocrx_word' id='word_1_115' title='bbox 1150 1953 1228 2003; x_wconf 63' lang='lat' dir='ltr'><strong>soen.</strong></span> <span class='ocrx_word' id='word_1_116' title='bbox 1238 1955 1257 1986; x_wconf 89' lang='lat' dir='ltr'><strong>s.</strong></span> <span class='ocrx_word' id='word_1_117' title='bbox 1268 1935 1304 1990; x_wconf 77' lang='lat' dir='ltr'><strong>Se</strong></span> 
     </span>
     <span class='ocr_line' id='line_1_16' title="bbox 231 2001 1305 2086; baseline -0.003 -17"><span class='ocrx_word' id='word_1_118' title='bbox 231 2014 357 2074; x_wconf 70' lang='lat' dir='ltr'><strong>avaritie.</strong></span> <span class='ocrx_word' id='word_1_119' title='bbox 369 2043 404 2054; x_wconf 94' lang='lat'>-</span> <span class='ocrx_word' id='word_1_120' title='bbox 418 2016 488 2066; x_wconf 76' lang='lat' dir='ltr'><strong>Male</strong></span> <span class='ocrx_word' id='word_1_121' title='bbox 499 2013 599 2070; x_wconf 84' lang='lat' dir='ltr'><strong>audies,</strong></span> <span class='ocrx_word' id='word_1_122' title='bbox 614 2009 689 2082; x_wconf 84' lang='lat' dir='ltr'><strong>qsrasi</strong></span> <span class='ocrx_word' id='word_1_123' title='bbox 703 2001 744 2062; x_wconf 88' lang='lat' dir='ltr'><strong>di·</strong></span> <span class='ocrx_word' id='word_1_124' title='bbox 787 2009 927 2082; x_wconf 76' lang='lat' dir='ltr'><strong>negligials</strong></span> <span class='ocrx_word' id='word_1_125' title='bbox 933 2010 987 2068; x_wconf 85' lang='lat' dir='ltr'><strong>hoe</strong></span> <span class='ocrx_word' id='word_1_126' title='bbox 996 2013 1179 2085; x_wconf 82' lang='lat' dir='ltr'><strong>Demiphone,</strong></span> <span class='ocrx_word' id='word_1_127' title='bbox 1188 2026 1305 2086; x_wconf 72' lang='lat' dir='ltr'><strong>cognato</strong></span> 
     </span>
     <span class='ocr_line' id='line_1_17' title="bbox 233 2088 847 2160; baseline -0.01 -12"><span class='ocrx_word' id='word_1_128' title='bbox 233 2105 326 2150; x_wconf 74' lang='lat' dir='ltr'><strong>cer-et:</strong></span> <span class='ocrx_word' id='word_1_129' title='bbox 348 2091 524 2150; x_wconf 83' lang='lat' dir='ltr'><strong>calumniator</strong></span> <span class='ocrx_word' id='word_1_130' title='bbox 543 2101 569 2142; x_wconf 89' lang='lat' dir='ltr'><strong>et</strong></span> <span class='ocrx_word' id='word_1_131' title='bbox 589 2088 746 2160; x_wconf 77' lang='lat' dir='ltr'><strong>falsiloquus</strong></span> <span class='ocrx_word' id='word_1_132' title='bbox 788 2109 847 2146; x_wconf 88' lang='lat' dir='ltr'><strong>suo.</strong></span> 
     </span>
     <span class='ocr_line' id='line_1_18' title="bbox 234 2168 1307 2238; baseline -0.004 -10"><span class='ocrx_word' id='word_1_133' title='bbox 234 2171 413 2228; x_wconf 80' lang='lat' dir='ltr'><strong>aestimaberis.</strong></span> <span class='ocrx_word' id='word_1_134' title='bbox 826 2168 887 2238; x_wconf 81' lang='grc'><strong><em>367-</em></strong></span> <span class='ocrx_word' id='word_1_135' title='bbox 907 2173 943 2228; x_wconf 68' lang='lat' dir='ltr'><strong>At</strong></span> <span class='ocrx_word' id='word_1_136' title='bbox 960 2187 1031 2235; x_wconf 71' lang='lat' dir='ltr'><strong>qm</strong></span> <span class='ocrx_word' id='word_1_137' title='bbox 1051 2171 1154 2225; x_wconf 73' lang='lat' dir='ltr'><strong>vinus!</strong></span> <span class='ocrx_word' id='word_1_138' title='bbox 1176 2169 1307 2224; x_wconf 80' lang='lat' dir='ltr'><strong>Femle</strong></span> 
     </span>
    </p>

    <p class='ocr_par' dir='ltr' id='par_1_10' title="bbox 234 2244 1310 2399">
     <span class='ocr_line' id='line_1_19' title="bbox 270 2244 1309 2321; baseline -0.002 -18"><span class='ocrx_word' id='word_1_139' title='bbox 270 2255 331 2306; x_wconf 79' lang='lat'><strong>360.</strong></span> <span class='ocrx_word' id='word_1_140' title='bbox 352 2254 433 2302; x_wconf 81' lang='lat' dir='ltr'><strong>Etiam</strong></span> <span class='ocrx_word' id='word_1_141' title='bbox 453 2268 499 2300; x_wconf 87' lang='lat' dir='ltr'><strong>me.</strong></span> <span class='ocrx_word' id='word_1_142' title='bbox 517 2247 559 2303; x_wconf 74' lang='lat' dir='ltr'><strong>Al.</strong></span> <span class='ocrx_word' id='word_1_143' title='bbox 574 2250 691 2301; x_wconf 79' lang='lat' dir='ltr'><strong>etiamne.</strong></span> <span class='ocrx_word' id='word_1_144' title='bbox 711 2277 746 2288; x_wconf 90' lang='lat'><strong>-·</strong></span> <span class='ocrx_word' id='word_1_145' title='bbox 790 2244 925 2302; x_wconf 79' lang='lat' dir='ltr'><strong>laudandi.</strong></span> <span class='ocrx_word' id='word_1_146' title='bbox 945 2248 1033 2314; x_wconf 78' lang='lat' dir='ltr'><strong>Quem</strong></span> <span class='ocrx_word' id='word_1_147' title='bbox 1058 2248 1100 2305; x_wconf 71' lang='lat' dir='ltr'><strong>rie</strong></span> <span class='ocrx_word' id='word_1_148' title='bbox 1124 2247 1226 2321; x_wconf 76' lang='lat' dir='ltr'><strong>probus</strong></span> <span class='ocrx_word' id='word_1_149' title='bbox 1250 2259 1309 2302; x_wconf 81' lang='lat' dir='ltr'><strong>erat</strong></span> 
     </span>
     <span class='ocr_line' id='line_1_20' title="bbox 234 2325 1310 2399; baseline -0.003 -14"><span class='ocrx_word' id='word_1_150' title='bbox 234 2333 347 2388; x_wconf 78' lang='lat' dir='ltr'><strong>Advenit.</strong></span> <span class='ocrx_word' id='word_1_151' title='bbox 357 2328 397 2382; x_wconf 77' lang='lat' dir='ltr'><strong>Al.</strong></span> <span class='ocrx_word' id='word_1_152' title='bbox 407 2330 606 2388; x_wconf 76' lang='lat' dir='ltr'><strong>venit-Ultro,</strong></span> <span class='ocrx_word' id='word_1_153' title='bbox 617 2325 746 2380; x_wconf 81' lang='lat' dir='ltr'><strong>consulto.</strong></span> <span class='ocrx_word' id='word_1_154' title='bbox 791 2327 836 2380; x_wconf 90' lang='lat' dir='ltr'><strong>ille</strong></span> <span class='ocrx_word' id='word_1_155' title='bbox 847 2325 942 2380; x_wconf 81' lang='lat' dir='ltr'><strong>Phanii</strong></span> <span class='ocrx_word' id='word_1_156' title='bbox 950 2326 1039 2399; x_wconf 84' lang='lat' dir='ltr'><strong>pater!</strong></span> <span class='ocrx_word' id='word_1_157' title='bbox 1051 2357 1087 2372; x_wconf 64' lang='grc' dir='ltr'><strong>-ν</strong></span> <span class='ocrx_word' id='word_1_158' title='bbox 1095 2333 1125 2383; x_wconf 83' lang='lat' dir='ltr'><strong>In</strong></span> <span class='ocrx_word' id='word_1_159' title='bbox 1134 2331 1191 2380; x_wconf 78' lang='lat' dir='ltr'><strong>uita</strong></span> <span class='ocrx_word' id='word_1_160' title='bbox 1199 2367 1209 2395; x_wconf 94' lang='lat'><strong>,</strong></span> <span class='ocrx_word' id='word_1_161' title='bbox 1218 2329 1273 2382; x_wconf 77' lang='lat' dir='ltr'><strong>vita</strong></span> <span class='ocrx_word' id='word_1_162' title='bbox 1282 2339 1310 2382; x_wconf 82' lang='lat' dir='ltr'><strong>et</strong></span> 
     </span>
    </p>

    <p class='ocr_par' dir='ltr' id='par_1_11' title="bbox 271 2402 922 2475">
     <span class='ocr_line' id='line_1_21' title="bbox 271 2402 922 2475; baseline -0.009 -11"><span class='ocrx_word' id='word_1_163' title='bbox 271 2411 331 2466; x_wconf 76' lang='lat'><strong>361.</strong></span> <span class='ocrx_word' id='word_1_164' title='bbox 352 2405 515 2468; x_wconf 74' lang='lat' dir='ltr'><strong>Adolescenti,</strong></span> <span class='ocrx_word' id='word_1_165' title='bbox 537 2402 695 2475; x_wconf 75' lang='lat' dir='ltr'><strong>Antiphoni.</strong></span> <span class='ocrx_word' id='word_1_166' title='bbox 712 2432 748 2445; x_wconf 84' lang='lat'><strong>-··</strong></span> <span class='ocrx_word' id='word_1_167' title='bbox 791 2405 922 2460; x_wconf 79' lang='lat' dir='ltr'><strong>moribus.</strong></span> 
     </span>
    </p>

    <p class='ocr_par' dir='ltr' id='par_1_12' title="bbox 177 2484 1312 3026">
     <span class='ocr_line' id='line_1_22' title="bbox 177 2484 1309 2564; baseline -0.005 -21"><span class='ocrx_word' id='word_1_168' title='bbox 177 2552 183 2564; x_wconf 79' lang='lat'><strong>.</strong></span> <span class='ocrx_word' id='word_1_169' title='bbox 238 2493 307 2544; x_wconf 78' lang='lat' dir='ltr'><strong>Nihil</strong></span> <span class='ocrx_word' id='word_1_170' title='bbox 317 2503 353 2542; x_wconf 87' lang='lat' dir='ltr'><strong>est</strong></span> <span class='ocrx_word' id='word_1_171' title='bbox 366 2490 434 2558; x_wconf 85' lang='lat' dir='ltr'><strong>quod</strong></span> <span class='ocrx_word' id='word_1_172' title='bbox 447 2503 556 2540; x_wconf 80' lang='lat' dir='ltr'><strong>suooens.</strong></span> <span class='ocrx_word' id='word_1_173' title='bbox 569 2484 677 2539; x_wconf 82' lang='lat' dir='ltr'><strong>Nullam</strong></span> <span class='ocrx_word' id='word_1_174' title='bbox 686 2501 748 2540; x_wconf 77' lang='lat' dir='ltr'><strong>cau·</strong></span> <span class='ocrx_word' id='word_1_175' title='bbox 828 2484 888 2540; x_wconf 76' lang='lat'><strong>368.</strong></span> <span class='ocrx_word' id='word_1_176' title='bbox 906 2486 996 2538; x_wconf 79' lang='lat' dir='ltr'><strong>Videas</strong></span> <span class='ocrx_word' id='word_1_177' title='bbox 1009 2500 1045 2547; x_wconf 82' lang='lat' dir='ltr'><strong>te,</strong></span> <span class='ocrx_word' id='word_1_178' title='bbox 1059 2496 1109 2542; x_wconf 84' lang='lat' dir='ltr'><strong>eta.</strong></span> <span class='ocrx_word' id='word_1_179' title='bbox 1124 2485 1309 2542; x_wconf 76' lang='lat' dir='ltr'><strong>Hunoloonm</strong></span> 
     </span>
     <span class='ocr_line' id='line_1_23' title="bbox 237 2563 1312 2637; baseline -0.003 -14"><span class='ocrx_word' id='word_1_180' title='bbox 237 2591 295 2627; x_wconf 84' lang='lat' dir='ltr'><strong>sam</strong></span> <span class='ocrx_word' id='word_1_181' title='bbox 307 2569 410 2630; x_wconf 87' lang='lat' dir='ltr'><strong>habeo,</strong></span> <span class='ocrx_word' id='word_1_182' title='bbox 424 2584 472 2618; x_wconf 87' lang='lat' dir='ltr'><strong>eur</strong></span> <span class='ocrx_word' id='word_1_183' title='bbox 485 2563 592 2618; x_wconf 70' lang='lat' dir='ltr'><strong>irascan</strong></span> <span class='ocrx_word' id='word_1_184' title='bbox 612 2564 750 2622; x_wconf 84' lang='lat' dir='ltr'><strong>Veterator</strong></span> <span class='ocrx_word' id='word_1_185' title='bbox 793 2581 848 2618; x_wconf 92' lang='lat' dir='ltr'><strong>non</strong></span> <span class='ocrx_word' id='word_1_186' title='bbox 867 2565 902 2618; x_wconf 84' lang='lat' dir='ltr'><strong>ita</strong></span> <span class='ocrx_word' id='word_1_187' title='bbox 926 2575 1083 2637; x_wconf 71' lang='lat' dir='ltr'><strong>corruptum</strong></span> <span class='ocrx_word' id='word_1_188' title='bbox 1108 2565 1198 2620; x_wconf 81' lang='lat' dir='ltr'><strong>Bentl.</strong></span> <span class='ocrx_word' id='word_1_189' title='bbox 1220 2579 1248 2620; x_wconf 82' lang='lat' dir='ltr'><strong>et</strong></span> <span class='ocrx_word' id='word_1_190' title='bbox 1264 2567 1312 2620; x_wconf 78' lang='lat' dir='ltr'><strong>elii</strong></span> 
     </span>
     <span class='ocr_line' id='line_1_24' title="bbox 237 2643 1311 2718; baseline -0.007 -12"><span class='ocrx_word' id='word_1_191' title='bbox 237 2649 348 2707; x_wconf 77' lang='lat' dir='ltr'><strong>callidus</strong></span> <span class='ocrx_word' id='word_1_192' title='bbox 361 2646 521 2702; x_wconf 71' lang='lat' dir='ltr'><strong>haecomnia</strong></span> <span class='ocrx_word' id='word_1_193' title='bbox 533 2643 626 2715; x_wconf 75' lang='lat' dir='ltr'><strong>fingit:</strong></span> <span class='ocrx_word' id='word_1_194' title='bbox 643 2654 670 2698; x_wconf 89' lang='lat' dir='ltr'><strong>et</strong></span> <span class='ocrx_word' id='word_1_195' title='bbox 688 2643 750 2696; x_wconf 87' lang='lat' dir='ltr'><strong>sub·</strong></span> <span class='ocrx_word' id='word_1_196' title='bbox 794 2643 940 2707; x_wconf 84' lang='lat' dir='ltr'><strong>intectum,</strong></span> <span class='ocrx_word' id='word_1_197' title='bbox 952 2645 1066 2714; x_wconf 82' lang='lat' dir='ltr'><strong>opinor,</strong></span> <span class='ocrx_word' id='word_1_198' title='bbox 1077 2643 1175 2702; x_wconf 78' lang='lat' dir='ltr'><strong>melius</strong></span> <span class='ocrx_word' id='word_1_199' title='bbox 1188 2645 1311 2718; x_wconf 67' lang='lat' dir='ltr'><strong>reliquis·</strong></span> 
     </span>
     <span class='ocr_line' id='line_1_25' title="bbox 237 2721 1311 2797; baseline -0.007 -13"><span class='ocrx_word' id='word_1_200' title='bbox 237 2731 319 2787; x_wconf 87' lang='lat' dir='ltr'><strong>tiliter</strong></span> <span class='ocrx_word' id='word_1_201' title='bbox 344 2728 450 2788; x_wconf 82' lang='lat' dir='ltr'><strong>filiunt,</strong></span> <span class='ocrx_word' id='word_1_202' title='bbox 472 2724 520 2797; x_wconf 89' lang='lat' dir='ltr'><strong>qui</strong></span> <span class='ocrx_word' id='word_1_203' title='bbox 545 2721 627 2778; x_wconf 87' lang='lat' dir='ltr'><strong>veluti</strong></span> <span class='ocrx_word' id='word_1_204' title='bbox 651 2721 751 2777; x_wconf 82' lang='lat' dir='ltr'><strong>insitus</strong></span> <span class='ocrx_word' id='word_1_205' title='bbox 795 2735 860 2778; x_wconf 85' lang='lat' dir='ltr'><strong>sent.</strong></span> <span class='ocrx_word' id='word_1_206' title='bbox 870 2754 905 2768; x_wconf 88' lang='lat'><strong>-·</strong></span> <span class='ocrx_word' id='word_1_207' title='bbox 915 2731 937 2776; x_wconf 93' lang='lat'><strong>1.</strong></span> <span class='ocrx_word' id='word_1_208' title='bbox 947 2725 1005 2778; x_wconf 86' lang='lat' dir='ltr'><strong>Lib.</strong></span> <span class='ocrx_word' id='word_1_209' title='bbox 1018 2725 1102 2796; x_wconf 84' lang='lat' dir='ltr'><strong>antiq.</strong></span> <span class='ocrx_word' id='word_1_210' title='bbox 1114 2727 1163 2778; x_wconf 78' lang='lat' dir='ltr'><strong>att</strong></span> <span class='ocrx_word' id='word_1_211' title='bbox 1175 2725 1217 2780; x_wconf 81' lang='lat' dir='ltr'><strong>tt.</strong></span> <span class='ocrx_word' id='word_1_212' title='bbox 1231 2724 1311 2779; x_wconf 90' lang='lat' dir='ltr'><strong>oodd.</strong></span> 
     </span>
     <span class='ocr_line' id='line_1_26' title="bbox 237 2800 1311 2882; baseline -0.008 -18"><span class='ocrx_word' id='word_1_213' title='bbox 237 2809 343 2882; x_wconf 82' lang='lat' dir='ltr'><strong>nuptias</strong></span> <span class='ocrx_word' id='word_1_214' title='bbox 360 2803 539 2866; x_wconf 84' lang='lat' dir='ltr'><strong>contraxerit,</strong></span> <span class='ocrx_word' id='word_1_215' title='bbox 559 2800 630 2872; x_wconf 85' lang='lat' dir='ltr'><strong>apud</strong></span> <span class='ocrx_word' id='word_1_216' title='bbox 648 2812 753 2872; x_wconf 80' lang='lat' dir='ltr'><strong>patrem</strong></span> <span class='ocrx_word' id='word_1_217' title='bbox 796 2803 883 2856; x_wconf 84' lang='lat' dir='ltr'><strong>verbis</strong></span> <span class='ocrx_word' id='word_1_218' title='bbox 900 2806 1030 2868; x_wconf 79' lang='lat' dir='ltr'><strong>etobs&#39;,.et</strong></span> <span class='ocrx_word' id='word_1_219' title='bbox 1044 2807 1054 2854; x_wconf 86' lang='lat' dir='ltr'><strong>i</strong></span> <span class='ocrx_word' id='word_1_220' title='bbox 1069 2802 1188 2868; x_wconf 69' lang='lat' dir='ltr'><strong>otiosis,</strong></span> <span class='ocrx_word' id='word_1_221' title='bbox 1204 2804 1268 2860; x_wconf 72' lang='lat' dir='ltr'><strong>hele</strong></span> <span class='ocrx_word' id='word_1_222' title='bbox 1285 2807 1311 2855; x_wconf 84' lang='lat' dir='ltr'><strong>r&#39;ts</strong></span> 
     </span>
     <span class='ocr_line' id='line_1_27' title="bbox 238 2878 1311 2964; baseline -0.006 -23"><span class='ocrx_word' id='word_1_223' title='bbox 238 2899 350 2964; x_wconf 78' lang='lat' dir='ltr'><strong>purget,</strong></span> <span class='ocrx_word' id='word_1_224' title='bbox 362 2883 409 2938; x_wconf 81' lang='lat' dir='ltr'><strong>sed</strong></span> <span class='ocrx_word' id='word_1_225' title='bbox 422 2882 475 2945; x_wconf 79' lang='lat' dir='ltr'><strong>ita,</strong></span> <span class='ocrx_word' id='word_1_226' title='bbox 488 2893 518 2934; x_wconf 90' lang='lat' dir='ltr'><strong>ut</strong></span> <span class='ocrx_word' id='word_1_227' title='bbox 531 2899 610 2936; x_wconf 81' lang='lat' dir='ltr'><strong>senex</strong></span> <span class='ocrx_word' id='word_1_228' title='bbox 624 2878 710 2952; x_wconf 74' lang='lat' dir='ltr'><strong>magis</strong></span> <span class='ocrx_word' id='word_1_229' title='bbox 724 2879 752 2932; x_wconf 89' lang='lat' dir='ltr'><strong>iu</strong></span> <span class='ocrx_word' id='word_1_230' title='bbox 796 2887 957 2945; x_wconf 71' lang='lat' dir='ltr'><strong>natantem,</strong></span> <span class='ocrx_word' id='word_1_231' title='bbox 971 2881 1156 2940; x_wconf 76' lang='lat' dir='ltr'><strong>adverbialiter</strong></span> <span class='ocrx_word' id='word_1_232' title='bbox 1163 2883 1311 2938; x_wconf 77' lang='lat' dir='ltr'><strong>seeundum</strong></span> 
     </span>
     <span class='ocr_line' id='line_1_28' title="bbox 239 2959 1312 3026; baseline -0.007 -5"><span class='ocrx_word' id='word_1_233' title='bbox 239 2965 368 3023; x_wconf 82' lang='lat' dir='ltr'><strong>iuvidiam</strong></span> <span class='ocrx_word' id='word_1_234' title='bbox 382 2959 537 3014; x_wconf 83' lang='lat' dir='ltr'><strong>adducatur.</strong></span> <span class='ocrx_word' id='word_1_235' title='bbox 551 2963 602 3026; x_wconf 83' lang='lat' dir='ltr'><strong>Bip.</strong></span> <span class='ocrx_word' id='word_1_236' title='bbox 796 2961 866 3017; x_wconf 81' lang='lat' dir='ltr'><strong>Don.</strong></span> <span class='ocrx_word' id='word_1_237' title='bbox 876 2962 906 3016; x_wconf 87' lang='lat' dir='ltr'><strong>C·</strong></span> <span class='ocrx_word' id='word_1_238' title='bbox 917 2961 999 3016; x_wconf 81' lang='lat' dir='ltr'><strong>G.m.</strong></span> <span class='ocrx_word' id='word_1_239' title='bbox 1010 2964 1052 3014; x_wconf 81' lang='lat' dir='ltr'><strong>abi</strong></span> <span class='ocrx_word' id='word_1_240' title='bbox 1059 2963 1123 3020; x_wconf 77' lang='lat' dir='ltr'><strong>ltine.</strong></span> <span class='ocrx_word' id='word_1_241' title='bbox 1135 2993 1171 3006; x_wconf 85' lang='lat'><strong>--</strong></span> <span class='ocrx_word' id='word_1_242' title='bbox 1186 2966 1278 3016; x_wconf 70' lang='lat' dir='ltr'><strong>Videas</strong></span> <span class='ocrx_word' id='word_1_243' title='bbox 1289 2977 1312 3014; x_wconf 78' lang='lat' dir='ltr'><strong>se</strong></span> 
     </span>
    </p>

    <p class='ocr_par' dir='ltr' id='par_1_13' title="bbox 242 3035 1314 3358">
     <span class='ocr_line' id='line_1_29' title="bbox 278 3035 1313 3110; baseline 0 -14"><span class='ocrx_word' id='word_1_244' title='bbox 278 3046 337 3100; x_wconf 78' lang='lat'><strong>362.</strong></span> <span class='ocrx_word' id='word_1_245' title='bbox 346 3046 434 3106; x_wconf 85' lang='lat' dir='ltr'><strong>Illam,</strong></span> <span class='ocrx_word' id='word_1_246' title='bbox 448 3051 548 3110; x_wconf 86' lang='lat' dir='ltr'><strong>patrem</strong></span> <span class='ocrx_word' id='word_1_247' title='bbox 560 3036 647 3092; x_wconf 76' lang='lat' dir='ltr'><strong>dueta</strong></span> <span class='ocrx_word' id='word_1_248' title='bbox 657 3035 752 3092; x_wconf 86' lang='lat' dir='ltr'><strong>uxoris.</strong></span> <span class='ocrx_word' id='word_1_249' title='bbox 797 3055 872 3108; x_wconf 82' lang='lat' dir='ltr'><strong>atque</strong></span> <span class='ocrx_word' id='word_1_250' title='bbox 887 3043 974 3102; x_wconf 82' lang='lat' dir='ltr'><strong>illum,</strong></span> <span class='ocrx_word' id='word_1_251' title='bbox 986 3055 1014 3092; x_wconf 83' lang='lat' dir='ltr'><strong>ut</strong></span> <span class='ocrx_word' id='word_1_252' title='bbox 1029 3061 1128 3098; x_wconf 77' lang='lat' dir='ltr'><strong>nessus.</strong></span> <span class='ocrx_word' id='word_1_253' title='bbox 1139 3041 1224 3096; x_wconf 79' lang='lat' dir='ltr'><strong>Hane</strong></span> <span class='ocrx_word' id='word_1_254' title='bbox 1237 3061 1313 3098; x_wconf 66' lang='lat' dir='ltr'><strong>vers·</strong></span> 
     </span>
     <span class='ocr_line' id='line_1_30' title="bbox 242 3115 1314 3192; baseline -0.002 -17"><span class='ocrx_word' id='word_1_255' title='bbox 242 3131 344 3175; x_wconf 80' lang='lat' dir='ltr'><strong>-Jam</strong></span> <span class='ocrx_word' id='word_1_256' title='bbox 354 3123 487 3190; x_wconf 80' lang='lat' dir='ltr'><strong>grandior,</strong></span> <span class='ocrx_word' id='word_1_257' title='bbox 500 3118 556 3172; x_wconf 85' lang='lat' dir='ltr'><strong>scil.</strong></span> <span class='ocrx_word' id='word_1_258' title='bbox 566 3117 614 3190; x_wconf 87' lang='lat' dir='ltr'><strong>qui</strong></span> <span class='ocrx_word' id='word_1_259' title='bbox 626 3115 754 3188; x_wconf 77' lang='lat' dir='ltr'><strong>grandior</strong></span> <span class='ocrx_word' id='word_1_260' title='bbox 797 3117 929 3175; x_wconf 81' lang='lat' dir='ltr'><strong>tissimum</strong></span> <span class='ocrx_word' id='word_1_261' title='bbox 944 3119 1050 3184; x_wconf 82' lang='lat' dir='ltr'><strong>louuur,</strong></span> <span class='ocrx_word' id='word_1_262' title='bbox 1070 3138 1151 3190; x_wconf 83' lang='lat' dir='ltr'><strong>super</strong></span> <span class='ocrx_word' id='word_1_263' title='bbox 1170 3139 1228 3192; x_wconf 73' lang='lat' dir='ltr'><strong>qno</strong></span> <span class='ocrx_word' id='word_1_264' title='bbox 1245 3120 1314 3174; x_wconf 82' lang='lat' dir='ltr'><strong>nulli</strong></span> 
     </span>
     <span class='ocr_line' id='line_1_31' title="bbox 244 3195 1313 3274; baseline -0.003 -16"><span class='ocrx_word' id='word_1_265' title='bbox 244 3205 314 3270; x_wconf 78' lang='lat' dir='ltr'><strong>suit,</strong></span> <span class='ocrx_word' id='word_1_266' title='bbox 339 3220 422 3274; x_wconf 85' lang='lat' dir='ltr'><strong>quam</strong></span> <span class='ocrx_word' id='word_1_267' title='bbox 445 3210 476 3254; x_wconf 89' lang='lat' dir='ltr'><strong>ut</strong></span> <span class='ocrx_word' id='word_1_268' title='bbox 500 3198 576 3254; x_wconf 81' lang='lat' dir='ltr'><strong>illurn</strong></span> <span class='ocrx_word' id='word_1_269' title='bbox 603 3195 754 3252; x_wconf 80' lang='lat' dir='ltr'><strong>adolescens</strong></span> <span class='ocrx_word' id='word_1_270' title='bbox 797 3196 971 3269; x_wconf 87' lang='lat' dir='ltr'><strong>interpretum</strong></span> <span class='ocrx_word' id='word_1_271' title='bbox 994 3198 1178 3266; x_wconf 71' lang='lat' dir='ltr'><strong>consentiunt,</strong></span> <span class='ocrx_word' id='word_1_272' title='bbox 1198 3201 1313 3254; x_wconf 70' lang='lat' dir='ltr'><strong>uttan·</strong></span> 
     </span>
     <span class='ocr_line' id='line_1_32' title="bbox 242 3278 1312 3358; baseline -0.006 -20"><span class='ocrx_word' id='word_1_273' title='bbox 242 3285 343 3358; x_wconf 88' lang='lat' dir='ltr'><strong>optime</strong></span> <span class='ocrx_word' id='word_1_274' title='bbox 352 3299 430 3334; x_wconf 83' lang='lat' dir='ltr'><strong>nosse</strong></span> <span class='ocrx_word' id='word_1_275' title='bbox 441 3288 537 3352; x_wconf 71' lang='lat' dir='ltr'><strong>possm.</strong></span> <span class='ocrx_word' id='word_1_276' title='bbox 798 3295 860 3332; x_wconf 77' lang='lat' dir='ltr'><strong>runt</strong></span> <span class='ocrx_word' id='word_1_277' title='bbox 874 3294 930 3332; x_wconf 83' lang='lat' dir='ltr'><strong>esse</strong></span> <span class='ocrx_word' id='word_1_278' title='bbox 950 3278 1135 3349; x_wconf 83' lang='lat' dir='ltr'><strong>aposiopesin,</strong></span> <span class='ocrx_word' id='word_1_279' title='bbox 1152 3279 1192 3334; x_wconf 81' lang='lat' dir='ltr'><strong>ite</strong></span> <span class='ocrx_word' id='word_1_280' title='bbox 1210 3291 1312 3334; x_wconf 87' lang='lat' dir='ltr'><strong>utnon</strong></span> 
     </span>
    </p>

    <p class='ocr_par' dir='ltr' id='par_1_14' title="bbox 243 3356 1316 3831">
     <span class='ocr_line' id='line_1_33' title="bbox 279 3356 1314 3430; baseline -0.003 -15"><span class='ocrx_word' id='word_1_281' title='bbox 279 3363 339 3420; x_wconf 83' lang='grc'>363.</span> <span class='ocrx_word' id='word_1_282' title='bbox 349 3367 435 3430; x_wconf 78' lang='lat' dir='ltr'><strong>Opere.</strong></span> <span class='ocrx_word' id='word_1_283' title='bbox 444 3359 502 3412; x_wconf 87' lang='lat' dir='ltr'><strong>Lib.</strong></span> <span class='ocrx_word' id='word_1_284' title='bbox 513 3369 568 3410; x_wconf 86' lang='lat' dir='ltr'><strong>ant.</strong></span> <span class='ocrx_word' id='word_1_285' title='bbox 579 3373 669 3424; x_wconf 86' lang='lat' dir='ltr'><strong>opera,</strong></span> <span class='ocrx_word' id='word_1_286' title='bbox 684 3365 755 3410; x_wconf 80' lang='lat' dir='ltr'><strong>serto</strong></span> <span class='ocrx_word' id='word_1_287' title='bbox 799 3357 867 3414; x_wconf 86' lang='lat' dir='ltr'><strong>sinat</strong></span> <span class='ocrx_word' id='word_1_288' title='bbox 897 3356 1023 3412; x_wconf 84' lang='lat' dir='ltr'><strong>Phormio</strong></span> <span class='ocrx_word' id='word_1_289' title='bbox 1051 3358 1125 3414; x_wconf 83' lang='lat' dir='ltr'><strong>Getsr</strong></span> <span class='ocrx_word' id='word_1_290' title='bbox 1155 3360 1314 3416; x_wconf 74' lang='lat' dir='ltr'><strong>sententiam</strong></span> 
     </span>
     <span class='ocr_line' id='line_1_34' title="bbox 243 3435 1313 3512; baseline -0.007 -15"><span class='ocrx_word' id='word_1_291' title='bbox 243 3463 315 3498; x_wconf 85' lang='lat' dir='ltr'><strong>casu.</strong></span> <span class='ocrx_word' id='word_1_292' title='bbox 329 3472 364 3484; x_wconf 92' lang='lat'>-</span> <span class='ocrx_word' id='word_1_293' title='bbox 373 3441 424 3512; x_wconf 24' lang='lat' dir='ltr'><strong>,coi</strong></span> <span class='ocrx_word' id='word_1_294' title='bbox 441 3442 467 3490; x_wconf 85' lang='lat' dir='ltr'><strong>in</strong></span> <span class='ocrx_word' id='word_1_295' title='bbox 482 3456 554 3506; x_wconf 80' lang='lat' dir='ltr'><strong>opere</strong></span> <span class='ocrx_word' id='word_1_296' title='bbox 567 3439 622 3490; x_wconf 76' lang='lat' dir='ltr'><strong>nita</strong></span> <span class='ocrx_word' id='word_1_297' title='bbox 634 3449 695 3489; x_wconf 80' lang='lat' dir='ltr'><strong>erat.</strong></span> <span class='ocrx_word' id='word_1_298' title='bbox 714 3435 755 3492; x_wconf 79' lang='lat' dir='ltr'><strong>Ex</strong></span> <span class='ocrx_word' id='word_1_299' title='bbox 798 3435 907 3492; x_wconf 70' lang='lat' dir='ltr'><strong>absolvi.</strong></span> <span class='ocrx_word' id='word_1_300' title='bbox 919 3436 1021 3493; x_wconf 80' lang='lat' dir='ltr'><strong>Gallice</strong></span> <span class='ocrx_word' id='word_1_301' title='bbox 1034 3437 1094 3490; x_wconf 68' lang='lat' dir='ltr'><strong>«On</strong></span> <span class='ocrx_word' id='word_1_302' title='bbox 1105 3439 1313 3512; x_wconf 74' lang='lat' dir='ltr'><strong>terruitquetoi</strong></span> 
     </span>
     <span class='ocr_line' id='line_1_35' title="bbox 244 3512 1316 3594; baseline -0.006 -18"><span class='ocrx_word' id='word_1_303' title='bbox 244 3540 331 3594; x_wconf 76' lang='lat' dir='ltr'><strong>greco</strong></span> <span class='ocrx_word' id='word_1_304' title='bbox 349 3533 520 3590; x_wconf 83' lang='lat' dir='ltr'><strong>expressum:</strong></span> <span class='ocrx_word' id='word_1_305' title='bbox 539 3512 558 3585; x_wconf 80' lang='grc' dir='ltr'><em>ᾧ</em></span> <span class='ocrx_word' id='word_1_306' title='bbox 574 3517 601 3568; x_wconf 75' lang='grc' dir='ltr'><strong>τὸ</strong></span> <span class='ocrx_word' id='word_1_307' title='bbox 616 3517 682 3588; x_wconf 68' lang='grc' dir='ltr'>ἔργον</span> <span class='ocrx_word' id='word_1_308' title='bbox 695 3512 723 3574; x_wconf 76' lang='grc' dir='ltr'><strong>ἦν</strong></span> <span class='ocrx_word' id='word_1_309' title='bbox 743 3517 755 3568; x_wconf 77' lang='lat' dir='ltr'><strong>i</strong></span> <span class='ocrx_word' id='word_1_310' title='bbox 799 3526 825 3568; x_wconf 90' lang='lat' dir='ltr'><strong>et</strong></span> <span class='ocrx_word' id='word_1_311' title='bbox 838 3515 894 3579; x_wconf 79' lang='lat' dir='ltr'><strong>tut,</strong></span> <span class='ocrx_word' id='word_1_312' title='bbox 906 3519 922 3568; x_wconf 73' lang='lat' dir='ltr'><strong>a</strong></span> <span class='ocrx_word' id='word_1_313' title='bbox 934 3515 1139 3573; x_wconf 76' lang='lat' dir='ltr'><strong>t’euteudre...».</strong></span> <span class='ocrx_word' id='word_1_314' title='bbox 1149 3529 1176 3572; x_wconf 85' lang='lat' dir='ltr'><strong>et</strong></span> <span class='ocrx_word' id='word_1_315' title='bbox 1188 3519 1282 3591; x_wconf 87' lang='lat' dir='ltr'><strong>supple</strong></span> <span class='ocrx_word' id='word_1_316' title='bbox 1294 3518 1316 3570; x_wconf 82' lang='lat' dir='ltr'><strong>si</strong></span> 
     </span>
     <span class='ocr_line' id='line_1_36' title="bbox 244 3593 1316 3670; baseline -0.001 -16"><span class='ocrx_word' id='word_1_317' title='bbox 244 3603 302 3667; x_wconf 83' lang='grc' dir='ltr'><strong>βίος.</strong></span> <span class='ocrx_word' id='word_1_318' title='bbox 325 3598 379 3668; x_wconf 88' lang='lat' dir='ltr'><strong>Qui</strong></span> <span class='ocrx_word' id='word_1_319' title='bbox 397 3616 465 3670; x_wconf 85' lang='lat' dir='ltr'><strong>opus</strong></span> <span class='ocrx_word' id='word_1_320' title='bbox 486 3595 614 3650; x_wconf 83' lang='lat' dir='ltr'><strong>rusticum</strong></span> <span class='ocrx_word' id='word_1_321' title='bbox 634 3596 756 3653; x_wconf 79' lang='lat' dir='ltr'><strong>faciendo</strong></span> <span class='ocrx_word' id='word_1_322' title='bbox 798 3593 878 3661; x_wconf 85' lang='lat' dir='ltr'><strong>libet,</strong></span> <span class='ocrx_word' id='word_1_323' title='bbox 891 3598 999 3655; x_wconf 69' lang='lat' dir='ltr'><strong>omniane</strong></span> <span class='ocrx_word' id='word_1_324' title='bbox 1011 3610 1124 3664; x_wconf 81' lang='lat' dir='ltr'><strong>optumos</strong></span> <span class='ocrx_word' id='word_1_325' title='bbox 1139 3600 1254 3661; x_wconf 62' lang='lat' dir='ltr'><strong>muse,</strong></span> <span class='ocrx_word' id='word_1_326' title='bbox 1270 3610 1316 3653; x_wconf 80' lang='lat' dir='ltr'><strong>ent</strong></span> 
     </span>
     <span class='ocr_line' id='line_1_37' title="bbox 243 3672 1035 3749; baseline -0.01 -15"><span class='ocrx_word' id='word_1_327' title='bbox 243 3683 345 3742; x_wconf 81' lang='lat' dir='ltr'><strong>vietum</strong></span> <span class='ocrx_word' id='word_1_328' title='bbox 364 3677 507 3749; x_wconf 76' lang='lat' dir='ltr'><strong>querebat.</strong></span> <span class='ocrx_word' id='word_1_329' title='bbox 524 3706 558 3716; x_wconf 90' lang='lat'>-</span> <span class='ocrx_word' id='word_1_330' title='bbox 577 3682 657 3742; x_wconf 76' lang='lat' dir='ltr'><strong>Fere,</strong></span> <span class='ocrx_word' id='word_1_331' title='bbox 679 3694 756 3748; x_wconf 75' lang='lat' dir='ltr'><strong>pene</strong></span> <span class='ocrx_word' id='word_1_332' title='bbox 799 3672 929 3745; x_wconf 83' lang='lat' dir='ltr'><strong>quiddam</strong></span> <span class='ocrx_word' id='word_1_333' title='bbox 941 3673 1035 3732; x_wconf 79' lang='lat' dir='ltr'><strong>simile.</strong></span> 
     </span>
     <span class='ocr_line' id='line_1_38' title="bbox 243 3753 1298 3831; baseline -0.006 -17"><span class='ocrx_word' id='word_1_334' title='bbox 243 3779 355 3831; x_wconf 83' lang='lat' dir='ltr'><strong>semper.</strong></span> <span class='ocrx_word' id='word_1_335' title='bbox 520 3819 524 3830; x_wconf 70' lang='lat'><strong>.</strong></span> <span class='ocrx_word' id='word_1_336' title='bbox 835 3753 896 3821; x_wconf 82' lang='lat'>369·</span> <span class='ocrx_word' id='word_1_337' title='bbox 908 3759 964 3818; x_wconf 83' lang='lat' dir='ltr'><strong>lta,</strong></span> <span class='ocrx_word' id='word_1_338' title='bbox 976 3754 1032 3812; x_wconf 77' lang='lat' dir='ltr'><strong>soil.</strong></span> <span class='ocrx_word' id='word_1_339' title='bbox 1044 3753 1073 3808; x_wconf 85' lang='lat' dir='ltr'><strong>in</strong></span> <span class='ocrx_word' id='word_1_340' title='bbox 1084 3753 1140 3810; x_wconf 84' lang='lat' dir='ltr'><strong>vita</strong></span> <span class='ocrx_word' id='word_1_341' title='bbox 1154 3753 1298 3825; x_wconf 69' lang='lat' dir='ltr'><strong>optineam.</strong></span> 
     </span>
    </p>

    <p class='ocr_par' dir='ltr' id='par_1_15' title="bbox 240 3831 1318 4071">
     <span class='ocr_line' id='line_1_39' title="bbox 280 3831 1316 3903; baseline -0.006 -11"><span class='ocrx_word' id='word_1_342' title='bbox 280 3841 339 3902; x_wconf 70' lang='lat'><strong>364.</strong></span> <span class='ocrx_word' id='word_1_343' title='bbox 351 3843 389 3889; x_wconf 85' lang='lat' dir='ltr'><strong>De</strong></span> <span class='ocrx_word' id='word_1_344' title='bbox 398 3850 488 3888; x_wconf 83' lang='lat' dir='ltr'><strong>nostru.</strong></span> <span class='ocrx_word' id='word_1_345' title='bbox 498 3833 532 3886; x_wconf 85' lang='lat' dir='ltr'><strong>H.</strong></span> <span class='ocrx_word' id='word_1_346' title='bbox 544 3851 567 3884; x_wconf 84' lang='lat' dir='ltr'><strong>e.</strong></span> <span class='ocrx_word' id='word_1_347' title='bbox 576 3831 756 3898; x_wconf 81' lang='lat' dir='ltr'><strong>Phormionie,</strong></span> <span class='ocrx_word' id='word_1_348' title='bbox 836 3832 894 3903; x_wconf 81' lang='lat'><strong>370.</strong></span> <span class='ocrx_word' id='word_1_349' title='bbox 909 3837 1024 3884; x_wconf 84' lang='lat' dir='ltr'><strong>Nostram</strong></span> <span class='ocrx_word' id='word_1_350' title='bbox 1032 3833 1102 3902; x_wconf 84' lang='lat' dir='ltr'><strong>fam.</strong></span> <span class='ocrx_word' id='word_1_351' title='bbox 1117 3832 1196 3888; x_wconf 72' lang='lat' dir='ltr'><strong>libb.</strong></span> <span class='ocrx_word' id='word_1_352' title='bbox 1209 3834 1258 3890; x_wconf 71' lang='lat' dir='ltr'><strong>Fa-</strong></span> <span class='ocrx_word' id='word_1_353' title='bbox 1270 3853 1316 3886; x_wconf 80' lang='lat' dir='ltr'><strong>ase·</strong></span> 
     </span>
     <span class='ocr_line' id='line_1_40' title="bbox 240 3909 1318 3999; baseline -0.007 -27"><span class='ocrx_word' id='word_1_354' title='bbox 240 3925 289 3999; x_wconf 77' lang='lat' dir='ltr'><strong>qui</strong></span> <span class='ocrx_word' id='word_1_355' title='bbox 312 3936 341 3972; x_wconf 83' lang='lat' dir='ltr'><strong>se</strong></span> <span class='ocrx_word' id='word_1_356' title='bbox 364 3917 440 3970; x_wconf 87' lang='lat' dir='ltr'><strong>etiam</strong></span> <span class='ocrx_word' id='word_1_357' title='bbox 463 3913 542 3968; x_wconf 86' lang='lat' dir='ltr'><strong>bonis</strong></span> <span class='ocrx_word' id='word_1_358' title='bbox 566 3923 654 3970; x_wconf 83' lang='lat' dir='ltr'><strong>ortum</strong></span> <span class='ocrx_word' id='word_1_359' title='bbox 680 3911 755 3982; x_wconf 82' lang='lat' dir='ltr'><strong>fingit</strong></span> <span class='ocrx_word' id='word_1_360' title='bbox 799 3923 884 3965; x_wconf 79' lang='lat' dir='ltr'><strong>strant.</strong></span> <span class='ocrx_word' id='word_1_361' title='bbox 890 3911 1114 3980; x_wconf 72' lang='lat' dir='ltr'><strong>fasr.—Odtanc.</strong></span> <span class='ocrx_word' id='word_1_362' title='bbox 1123 3909 1160 3966; x_wconf 91' lang='lat' dir='ltr'><strong>ld</strong></span> <span class='ocrx_word' id='word_1_363' title='bbox 1171 3924 1223 3976; x_wconf 78' lang='lat' dir='ltr'><strong>est,</strong></span> <span class='ocrx_word' id='word_1_364' title='bbox 1236 3930 1318 3966; x_wconf 76' lang='lat' dir='ltr'><strong>omisa</strong></span> 
     </span>
     <span class='ocr_line' id='line_1_41' title="bbox 242 3989 966 4071; baseline -0.01 -22"><span class='ocrx_word' id='word_1_365' title='bbox 242 3996 404 4071; x_wconf 82' lang='lat' dir='ltr'><strong>parentibus.</strong></span> <span class='ocrx_word' id='word_1_366' title='bbox 673 4012 674 4016; x_wconf 49' lang='lat'>¹</span> <span class='ocrx_word' id='word_1_367' title='bbox 802 3989 863 4044; x_wconf 73' lang='lat' dir='ltr'><strong>filies</strong></span> <span class='ocrx_word' id='word_1_368' title='bbox 876 3989 966 4060; x_wconf 82' lang='lat' dir='ltr'><strong>ipsius.</strong></span> 
     </span>
    </p>
   </div>
   <div class='ocr_carea' id='block_1_4' title="bbox 0 0 1441 4778">
    <p class='ocr_par' dir='ltr' id='par_1_16' title="bbox 0 0 1441 4778">
     <span class='ocr_line' id='line_1_42' title="bbox 0 0 1441 4778; baseline 0 0"><span class='ocrx_word' id='word_1_369' title='bbox 0 0 1441 4778; x_wconf 95' lang='lat' dir='ltr'><strong> </strong></span> 
     </span>
    </p>
   </div>
  </div>
 </body>
</html>
