2834 4788
236 377 284 451 56
464 339 637 448 ruent
664 371 1067 448 reuertentem

233 513 378 580 Caeteros
390 533 539 596 ruerem,
557 533 707 604 agerem,
723 531 889 602 raperem,
902 505 1076 576 tunderem
1092 518 1126 573 et
1142 519 1298 604 proster-
1402 562 1406 601 =

391 639 514 682 nerem.
1254 640 1298 678 ³20

155 801 157 807 s
233 720 298 789 Sed
312 743 403 790 cesso
421 721 534 788 heram
548 719 613 788 hoc
629 719 716 789 malo
734 719 894 814 impertiri
910 715 1069 813 propere?
1086 719 1163 788 Sos.
1179 718 1296 784 Revo-,

360 893 371 926 x
391 850 514 894 cemus.
527 821 630 896 Geta!
643 828 728 896 Gar.
744 829 845 909 Hem,
1408 837 1409 846 ’

233 933 389 1025 Quisquis
403 955 455 1017 es,
471 933 539 1000 sine
550 957 613 1000 me.
629 933 703 1002 Sos.
716 934 789 1025 Ego
803 955 876 1000 sum
885 933 1042 1000 Sostrata.
1060 931 1147 998 Ga‘r.
1170 929 1236 998 Ubi
1254 953 1297 996 ea

391 1035 463 1106 esti
483 1051 515 1105 te
536 1039 640 1132 ipsam
658 1039 812 1131 quaerito,

232 1145 279 1211 Te
295 1157 468 1236 exspecto:
486 1143 610 1238 oppido
626 1133 812 1238 opportune
824 1156 857 1210 te
871 1140 1017 1210 obtulisti
1034 1142 1082 1208 mi
1097 1141 1252 1226 obviam,

232 1251 331 1316 Ilera.
345 1251 418 1318 Sos.
430 1245 520 1336 Quid
540 1247 610 1317 est?
622 1248 701 1343 quid
715 1238 882 1344 trepidas?
896 1251 983 1317 Ger.
1000 1249 1085 1314 Hem
1105 1241 1203 1314 mihil
1216 1247 1296 1334 Sos..

281 1353 282 1358 ’
391 1354 478 1442 Quid
495 1355 643 1442 festinas,
661 1356 707 1435 mi
719 1353 828 1424 Geta?

233 1461 386 1534 Animam
402 1461 521 1554 recipe.
541 1463 626 1530 Ger.
648 1463 822 1530 Prorsus...
848 1461 924 1530 Sos.
946 1457 1038 1554 Quid
1050 1457 1135 1526 istuo
1157 1480 1296 1550 prorsus

392 1590 472 1660 ergo
490 1565 551 1635 ’sti
570 1569 655 1636 Gar.
677 1567 853 1653 Petimus,
1256 1579 1296 1619 ³²5

233 1674 354 1750 Actum
367 1675 415 1741 ’st
425 1675 502 1744 Sos.
514 1675 667 1766 Loquere
685 1697 783 1766 ergo,
806 1673 943 1740 obsecro
964 1685 1012 1756 te,
1034 1667 1114 1762 quid
1129 1669 1183 1736 sit.
1205 1669 1296 1748 Gar,

392 1780 498 1847 Jam...
516 1780 591 1848 Sos.
609 1777 700 1866 Quid
717 1779 803 1871 jam,
821 1775 927 1847 Geta?

275 1973 337 2027 320.
365 1974 505 2026 Tunderem.
532 1975 603 2045 Guy.
634 1975 741 2048 reponit
827 1973 892 2036 323.
905 1975 1032 2044 Exspecto.
1043 1973 1089 2025 Be.
1099 1967 1296 2042 eepetoexcod.

226 2053 366 2122 suaderem,
383 2052 456 2124 quod
465 2053 547 2124 magis
558 2051 686 2117 militaro,
695 2054 741 2119 sed
786 2053 869 2106 Acad.
882 2055 922 2106 Ita
933 2053 1012 2105 Both.
1024 2084 1064 2094 -
1077 2051 1186 2122 Oppido.
1199 2049 1299 2118 valde.

232 2132 742 2186 nullacodieumauctoritatenititur.--
828 2134 895 2194 324.
910 2135 966 2186 Sos.
984 2131 1053 2202 Quid
1060 2133 1182 2198 sentinas,
1197 2133 1231 2181 mi
1246 2129 1296 2184 Ge·

234 2211 326 2264 Guelf.
338 2219 540 2284 4,atqueproet;
553 2211 625 2283 quod
633 2211 742 2283 quidem
788 2207 835 2264 ta?
848 2213 934 2284 Male,
952 2224 981 2264 ut
1003 2211 1080 2263 nobis
1100 2209 1221 2273 videtur,
1239 2209 1298 2262 vult

234 2291 334 2352 omittit
346 2292 424 2344 Both.
439 2319 479 2332 --
497 2293 606 2343 fluerem.
618 2291 742 2361 Impelle·
787 2291 906 2362 Guyetns
922 2287 1003 2356 rerba
1018 2291 1075 2342 huc
1093 2290 1232 2342 Cantharae
1245 2309 1297 2344 nu·

234 2388 301 2422 rem.
326 2371 359 2422 In
377 2371 428 2424 hoc
448 2389 525 2423 versu
542 2385 569 2424 et
585 2369 743 2440 praecedeuti
787 2371 863 2434 triei,
876 2391 930 2428 non
949 2371 1071 2436 Sostratae
1085 2369 1184 2442 tpibui,
1204 2379 1298 2436 utpote

235 2449 387 2506 dominatur
408 2451 484 2503 litera
509 2471 534 2514 r,
567 2468 625 2522 quae
649 2450 743 2501 rabiosa
787 2448 943 2516 blandiora,
964 2469 1044 2521 quam
1061 2467 1111 2519 pro
1132 2461 1254 2503 matrona
1270 2459 1299 2500 et

235 2527 289 2580 dici
300 2542 397 2600 potest.
412 2531 530 2594 Persius,
542 2529 575 2583 de
586 2529 743 2600 optimatum
788 2547 864 2582 servo
880 2529 959 2582 dicta.
977 2523 1075 2599 Georg.
1090 2541 1175 2580 autem
1192 2527 1298 2579 Fabric.

231 2608 313 2662 tacite
328 2609 496 2662 irascentium
508 2609 589 2662 domo
604 2610 659 2662 ait:
679 2635 691 2657 ‹
701 2628 744 2661 so·
787 2609 834 2662 illa
849 2611 887 2661 lei
898 2611 972 2662 mili!
986 2608 1123 2660 Cantharae
1138 2606 1242 2658 tribuit.
1254 2636 1298 2646 -

235 2699 282 2740 nat
305 2689 349 2742 hic
368 2688 401 2742 de
420 2707 484 2742 nare
506 2690 599 2743 canina
619 2689 715 2741 Litera.
729 2714 740 2735 ι
788 2689 865 2742 Hera.
881 2691 942 2742 Vox
957 2686 1049 2740 illaad
1070 2688 1150 2739 finem
1166 2685 1299 2738 sermonis

235 2769 371 2821 Revocant
390 2769 446 2820 haec
462 2771 541 2822 verba
561 2769 745 2822 celeberrimas
787 2771 886 2839 rejecta
899 2766 1000 2840 aliquid
1015 2767 1095 2819 habet
1110 2765 1195 2816 moesti
1211 2778 1237 2817 et
1253 2784 1298 2816 so-

235 2845 349 2898 Didonis
371 2847 591 2916 imprecationes,
610 2851 671 2898 AEn.
694 2849 744 2911 IV,
787 2849 890 2901 lemnia.
912 2879 952 2890 -
973 2847 1093 2898 Festinus.
1115 2845 1301 2916 Perturltaris,¹

237 2929 308 2988 604,
324 2942 380 2994 sqq.
399 2925 447 2975 ubi
466 2925 554 2976 omnia
570 2927 650 2978 verba
664 2925 745 2977 simili
787 2939 834 2978 aut
860 2927 966 2996 potius,
989 2938 1019 2978 ut
1039 2925 1098 2978 vult
1121 2923 1200 2976 Both.
1220 2919 1297 2983 sesti·

236 3001 319 3056 modo
334 3002 460 3055 desinunt·
468 3041 483 3079 ².
491 3005 641 3075 implessem,
654 3007 744 3056 eestin·
789 3025 832 3057 nas
841 3006 918 3057 dicere
927 3026 937 3067 ,·
957 3024 1036 3076 quem
1054 3003 1300 3075 indicantsequen-

236 3082 454 3151 rtem,dedissem.
788 3085 823 3136 tia
837 3102 892 3136 esse
905 3103 998 3136 verum
1010 3103 1122 3137 sensum.
1228 3085 1229 3088 ’

278 3163 502 3216 danllevocemus.
513 3163 593 3218 Geta!
599 3164 658 3216 Lib.
668 3161 742 3233 quid.
829 3163 895 3216 325.
923 3165 1039 3216 Animum
1063 3167 1147 3232 recipe.
1173 3163 1223 3228 sto.
1248 3163 1297 3230 lil),¹

235 3260 334 3306 nomen
344 3255 468 3312 repetunt
482 3243 587 3314 soepius,
601 3241 666 3308 Geta
673 3239 683 3305 ‚¹
693 3242 744 3296 Ge·
787 3243 864 3296 Bent.
882 3245 913 3294 In
932 3244 1013 3314 antiq.
1030 3247 1142 3295 animum.
1161 3271 1202 3282 -·
1227 3242 1297 3294 Ant·

236 3323 715 3393 tu.—lmpertiri.Participemlacere·
788 3343 849 3374 mum
872 3327 955 3392 recipe.
978 3323 1069 3388 Quia,
1096 3341 1152 3393 proe
1176 3319 1298 3392 anhelitu¹

277 3403 344 3455 322.
362 3402 410 3454 Ubi
422 3423 450 3452 eu
466 3396 522 3454 est?
543 3401 628 3453 Bentl.
647 3401 742 3471 corrig.
786 3403 865 3461 verba
876 3403 1120 3466 intermittens‚uno
1128 3399 1222 3469 spiritu
1236 3421 1298 3454 eon·

234 3481 330 3533 ubinam
340 3489 383 3533 es?
393 3483 432 3532 Ita
440 3482 517 3534 Both.
529 3479 742 3550 (temitanum
787 3481 891 3534 tinuare
911 3501 966 3534 non
989 3500 1065 3552 posse
1084 3479 1233 3532 ridebatur.
1256 3513 1297 3523 -

238 3561 371 3615 a.-Siue
380 3561 453 3614 abire
466 3581 510 3614 me.
526 3587 536 3607 α
548 3561 622 3614 Cette
631 3563 743 3631 rdponse
787 3563 897 3619 Prorsus.
919 3561 1013 3614 Deficit
1035 3562 1063 3613 in
1083 3561 1125 3612 his
1145 3577 1248 3625 servus,
1270 3574 1298 3612 et

235 3637 269 3691 de
287 3640 355 3692 Ge‘ta
375 3652 412 3692 est
433 3639 529 3693 fondee
552 3659 596 3692 sur
618 3659 647 3694 ce
665 3639 743 3711 qu’en
787 3641 874 3694 anima
883 3641 1008 3694 exhausta
1020 3640 1155 3710 singultim
1167 3639 1297 3708 loquitur.

235 3719 319 3772 Grece
336 3719 361 3772 le
375 3720 471 3789 peuple
490 3720 592 3787 prenait
613 3721 705 3789 plaisir
727 3713 748 3772 a
828 3723 895 3774 326.
917 3721 1032 3792 Loquere.
1053 3719 1097 3772 Al.
1113 3719 1230 3790 eloquere.
1256 3750 1297 3760 -

234 3801 332 3867 arrdter
343 3799 380 3850 les
391 3799 502 3851 esclaves
514 3797 578 3850 dans
590 3799 626 3850 les
639 3817 708 3861 rues,
716 3811 743 3851 et
788 3795 1299 3868 Ergoveteressere'omnescodBentL¹
1411 3787 1412 3852 l

234 3876 297 3936 ales
307 3896 410 3945 amuser
418 3879 471 3930 alin
484 3877 561 3948 qu'ils
573 3877 671 3928 fussent
683 3877 743 3928 bat·
786 3897 841 3931 non
862 3880 960 3931 habent
980 3897 1046 3946 ergo.
1068 3910 1109 3920 -
1132 3877 1238 3930 Obsecro
1263 3890 1295 3928 te.

234 3968 291 4024 tus,
307 3955 398 4026 quand
408 3951 450 4010 'ils
472 3957 583 4011 seruient
601 3953 635 4008 de
651 3968 743 4008 retour
787 3957 980 4015 OmittitBoth.
991 3969 1064 4010 te.--
1071 3957 1140 4010 Gur.
1150 3957 1298 4008 Jum...Ex·

233 4034 494 4111 chezleursmaitres.
504 4063 515 4084 ι
526 4036 702 4104 Μαᾰῶασὼν.
785 4036 877 4104 hausta
893 4037 978 4090 anima
995 4036 1116 4091 nondum
1133 4054 1161 4090 se
1181 4034 1296 4115 colligit.⁸
