2812 4788
365 372 587 456 nostru.
616 355 731 456 Aer(
751 377 818 476 ru,
845 391 912 458 sc.
940 393 968 458 1.
1146 413 1192 489 77

129 520 240 588 Nimis
256 519 375 586 misere
388 520 502 612 cupio,
514 533 551 587 ut
562 520 661 614 coepi,
680 535 877 613 perpetuum
895 523 930 588 in
943 520 1054 592 laetitia
1064 521 1193 618 degere.

127 627 175 693 Et
190 623 272 693 illud
290 624 451 743 rusnullu
465 623 528 693 alia
548 649 647 695 causa
665 639 734 694 tam
749 625 834 695 mule
852 625 921 712 odi,
943 630 1006 697 nisi
1024 630 1100 723 quia
1117 655 1194 724 pro-

289 754 331 824 pe
358 745 400 798 st·
1155 758 1193 798 52⁵

126 835 232 923 Quod
255 837 282 904 si
300 836 428 904 abesset
444 835 589 932 longiuS,
671 864 675 873 ·

126 942 224 1009 Prius
234 967 301 1009 nox
312 943 724 1036 oppressissetillic,quam
735 943 802 1011 huc
810 945 930 1012 reverti
942 961 1052 1038 posset
1061 949 1193 1018 iterum.

124 1048 159 1112 N
162 1071 228 1115 unc
244 1048 300 1115 ubi
311 1073 364 1116 me
378 1047 443 1118 illic
461 1075 529 1118 non
539 1049 682 1134 videbit,
692 1050 762 1142 jum
774 1049 840 1118 huc
852 1066 1017 1139 recurret,
1036 1067 1085 1122 sat
1097 1057 1183 1144 sci0;

124 1153 276 1247 Rogabit
289 1179 357 1238 me,
381 1155 438 1222 ubi
457 1155 600 1250 fuerim:
623 1179 722 1248 quem
744 1180 806 1248 ego
828 1156 927 1224 hodie
945 1172 1016 1226 toto
1037 1185 1106 1228 non
1124 1161 1195 1230 vidi

166 1341 169 1344 Ι
289 1259 351 1328 die.

127 1363 224 1453 Quid
249 1363 379 1434 dicam?
396 1367 475 1436 Srn.
507 1365 641 1435 Nihilne
665 1368 701 1434 in
725 1367 894 1436 mentem?
918 1371 981 1438 Cr.
1012 1371 1193 1467 Nunquam

287 1471 477 1565 quidquam.
491 1474 568 1541 Srn.
582 1477 690 1541 Tanto
701 1475 848 1568 nequior.
1154 1502 1193 1542 ⁵³0

125 1574 258 1662 Cliens,
274 1579 413 1664 amicus,
433 1579 568 1672 hospeS,
588 1604 686 1647 nemo
706 1583 746 1648 'st
763 1577 883 1648 vobis?
904 1583 966 1650 Cr.
988 1583 1072 1650 Sunt
1089 1585 1192 1676 :quid

287 1682 426 1776 postea?

124 1791 209 1884 Sne.
235 1789 334 1856 Hisce
352 1811 453 1883 opera
472 1803 510 1856 ut
527 1789 603 1858 data
618 1793 669 1860 sit.
686 1791 746 1858 Cr.
766 1791 850 1880 Quae
868 1814 936 1858 non
952 1790 1029 1858 data
1048 1791 1110 1860 sit?
1124 1819 1192 1864 non

286 1909 395 1988 potest
413 1895 495 1963 fieri.
518 1899 604 1964 sss:
620 1899 740 1964 Potest.

124 2003 190 2068 Cr.
207 2001 374 2086 Interdiu3
386 2001 443 2070 sed
456 2003 482 2070 si
493 2002 548 2070 hic
563 2016 741 2096 pernocte,
756 2025 862 2072 causae
869 2002 948 2095 quid
955 2001 1061 2072 dicem
1071 2057 1080 2091 ,
1092 2005 1204 2100 Syrei'

161 2288 221 2351 524.
234 2294 317 2342 Nimis
330 2295 424 2343 misere.
436 2292 477 2343 Ite
487 2309 535 2342 un.
546 2309 581 2343 ex
594 2293 638 2344 Be.
682 2303 708 2342 te
722 2291 847 2344 excuses?
859 2321 891 2330 -—
904 2295 1056 2360 Nunquam,
1067 2313 1117 2366 pro
1128 2315 1192 2356 non,

121 2367 206 2422 codd.
220 2371 301 2440 Vulg.
313 2369 410 2422 invent.
421 2373 507 2420 misere
516 2373 638 2421 nituis-
682 2372 789 2420 nitit-
800 2376 878 2421 Tanto
887 2374 997 2438 nequior.
1008 2373 1096 2425 Tanto
1106 2375 1192 2446 pejori

121 2452 203 2500 Nimis
216 2453 309 2501 misere.
318 2449 636 2518 Vehementer—Perper.
681 2449 742 2500 loco
755 2467 791 2500 es.

121 2535 147 2580 in
163 2533 214 2578 lcet.
227 2531 282 2596 deg.
299 2528 340 2580 Cf·
356 2547 414 2599 sup.
427 2529 487 2581 288.
718 2528 777 2580 531.
789 2531 884 2588 Clr'ens,
900 2531 1007 2589 amicus,
1021 2531 1124 2597 hospes,
1140 2545 1190 2585 etc.

161 2611 222 2658 525.
244 2609 299 2657 Nisi
317 2628 343 2674 q.
362 2627 438 2675 prope
460 2621 504 2658 est.
528 2609 592 2660 Mss.
611 2619 637 2659 et
681 2605 751 2657 Vide
769 2607 925 2676 magistrum
941 2607 974 2658 nd
987 2609 1146 2678 nequitiem,
1162 2624 1192 2664 ut

122 2686 191 2738 editi
208 2685 282 2757 quid.
305 2689 353 2738 nisi
371 2707 397 2754 q.
423 2701 474 2736 tam
491 2706 563 2754 prop.
588 2701 633 2739 est.
681 2683 796 2754 simplici
805 2684 1191 2740 adolescentimentiendivism

126 2769 202 2817 Wese.
212 2768 321 2816 -Illud
328 2784 382 2826 rus,
394 2765 477 2836 putris
492 2766 553 2826 mei.
681 2761 855 2824 demonstret,
871 2777 897 2814 et
908 2763 1048 2815 honestum
1062 2777 1144 2819 tentet
1154 2767 1191 2820 uf·

160 2846 222 2895 526.
237 2848 323 2912 Quod,
340 2862 375 2896 sc.
389 2861 444 2896 rus.
682 2843 749 2894 ferre
760 2853 944 2912 argumentum
958 2841 993 2895 ad
1002 2843 1188 2910 mendacium,

158 2926 220 2992 ⁵²7·
234 2929 316 2973 Posset
326 2925 420 2974 irenem.
431 2922 525 2974 Fuern.
533 2925 636 2988 possiet,
680 2932 789 2992 propter
818 2920 958 2986 odientem,
986 2923 1119 2990 amicum,
1145 2937 1190 2978 aut

121 3001 210 3053 deleto
228 3004 321 3053 iterum.
338 3031 374 3040 -
392 3003 562 3067 oppressisset.
582 3001 633 3052 De·
678 3000 809 3070 hospitem
829 3000 856 3051 in
870 3001 936 3052 urbe
959 3019 1060 3055 cessure
1081 3004 1187 3057 visum:

121 3079 314 3151 prehendisset.
334 3109 368 3118 —
388 3083 459 3146 Illic,
478 3081 566 3156 ruris,
588 3081 634 3133 ubi
678 3079 750 3151 quod
765 3092 854 3132 tamen
869 3099 919 3132 nec
932 3082 969 3134 sic
983 3082 1103 3154 intelligit
1117 3083 1191 3136 rudis
1260 3121 1263 3128 ·

121 3177 195 3212 nnnc
208 3172 255 3212 est.
386 3167 389 3174 '
679 3177 709 3210 ec
726 3159 841 3210 rusticus
859 3157 1020 3212 adolescens.
1042 3167 1134 3215 Donat.
1156 3192 1191 3202 -

159 3239 220 3292 528.
247 3241 350 3290 Videbit.
373 3237 423 3288 Ms.
446 3237 515 3308 Lips.
536 3240 633 3291 viderit.
664 3236 946 3304 ‘QuidposteatQuid
962 3237 1014 3290 hoc
1029 3240 1134 3310 juvebit
1147 3239 1191 3292 he-

121 3347 153 3356 -
163 3321 247 3370 lilia...
257 3321 313 3368 hue.
326 3313 392 3368 End.
403 3333 491 3381 sensu,
500 3334 554 3387 quo
564 3335 633 3370 vers.
678 3317 742 3370 bere
755 3317 894 3378 clientem,
910 3327 959 3368 etc.

119 3395 237 3466 praced.
252 3428 286 3436 -
298 3400 424 3446 decurret.
439 3395 507 3446 Mire
524 3394 558 3446 de
572 3413 634 3448 sene
716 3396 971 3461 ttenumopemm
980 3398 1087 3446 daeasie.
1097 3393 1189 3448 Bcend

121 3489 231 3526 recurret
250 3474 334 3538 dixit,
354 3485 384 3524 ut
404 3476 459 3545 ejus
482 3473 634 3528 instantiam
680 3477 741 3525 bisc.
756 3493 796 3541 op.
808 3477 848 3524 dic
857 3487 882 3524 ut
891 3477 953 3524 daea
962 3476 1000 3524 sit.
1012 3507 1045 3516 —
1055 3476 1126 3524 Hisce
1135 3493 1190 3541 ope·

120 3566 293 3608 monstraret.
303 3559 395 3605 Donat.
680 3571 723 3613 ro,
745 3553 836 3605 etmd
858 3552 994 3624 superiore
1012 3551 1188 3615 subauditur,

158 3638 220 3701 ⁵²9·
235 3637 351 3702 Rogabit.
363 3634 395 3683 L.
409 3632 500 3683 Bemh.
513 3634 633 3698 mgiuzhr't.
678 3634 766 3682 veniat
782 3634 807 3682 in
829 3645 948 3692 mentem
962 3631 979 3681 i.
996 3649 1021 3682 e.
1033 3631 1119 3702 cogita
1133 3630 1190 3682 dari

158 3713 218 3774 530.
233 3719 391 3764 lamentam.
406 3711 467 3764 Lib.
482 3711 574 3762 Bemh.
589 3710 635 3764 ed·
678 3710 802 3780 potuisse,
813 3720 839 3781 et
847 3708 938 3762 datam
947 3709 1038 3763 dicito.
1049 3716 1192 3762 Dom-Po-

119 3791 162 3843 dit
172 3807 217 3842 est.
235 3791 269 3842 In
281 3791 365 3862 antiq.
380 3790 425 3844 lib.
439 3793 490 3842 nih.
511 3792 536 3840 irs
556 3803 635 3842 meme
679 3803 730 3840 test.
742 3789 841 3842 Iterum
852 3787 1077 3858 subauditurfien',
1088 3799 1118 3840 ut
1128 3787 1189 3842 datu

119 3881 176 3922 est?
188 3871 231 3923 Ex
245 3889 276 3922 eo
291 3883 399 3933 autem,
417 3868 491 3940 quod
505 3871 575 3920 Don.
587 3887 635 3920 no·
680 3869 730 3921 sit:
746 3869 788 3920 vel
801 3879 830 3919 ut
844 3865 966 3920 credetur
980 3866 1051 3920 dats.
1068 3874 1136 3920 Dor.

119 3951 207 4012 tavit,
224 3949 399 4002 omittendum
418 3963 457 4000 est
472 3947 589 4002 videtur.
603 3979 636 3988 —
717 3947 776 4000 533,
789 3951 914 3998 Interdiu„
924 3947 1010 3998 Potest
1025 3946 1132 4018 quidem
1153 3947 1190 4000 sic

120 4031 227 4079 Nihilne
240 4032 266 4078 in
280 4043 383 4079 mentem
394 4067 402 4093 ,
413 4029 471 4079 sub.
485 4026 568 4090 venit,
581 4044 635 4098 quo
679 4025 827 4077 reddiratio
833 4024 866 4076 de
872 4026 1188 4080 commorationediurne.
