2824 4778
211 325 282 407 224
435 321 617 389 runnu
642 323 900 392 anaanrtr
925 322 1051 393 Arm
1090 399 1092 406 ,

210 461 302 526 Pan.
316 453 503 524 Manedum
515 453 610 523 sodes
621 455 755 542 :timeo‚
767 480 808 524 ne
817 453 905 524 aliud
917 456 1068 542 credam,
1082 460 1280 553 atquealiud

365 575 505 630 nunties.
1237 593 1278 637 aas

208 671 294 738 Pan.
313 669 446 738 Maneo.
463 668 554 734 Pam.
577 667 631 734 Sic
656 681 688 736 te
708 667 830 736 dixisse
849 669 985 762 opinor,
1003 669 1165 740 invenisse
1182 675 1279 766 Myr·

366 773 494 840 rhinam
509 823 518 856 ‚
1310 848 1313 854 ,

207 879 402 962 Bacchidem
411 876 571 946 annulum
581 903 676 947 suum
688 878 820 948 habere.
831 880 916 949 Pan.
926 883 1072 950 Factum.
1085 885 1176 952 Pin.
1187 886 1278 953 Eum

364 1009 463 1079 quem
480 981 559 1052 olim
576 986 605 1052 ei
623 983 716 1071 dedi;

206 1095 319 1185 anue
343 1090 409 1163 hoc
433 1089 514 1158 mihi
537 1104 569 1158 te
592 1092 745 1158 nuntiare
768 1090 895 1186 jussit?
923 1093 1010 1160 itan'e
1035 1107 1085 1162 est
1114 1093 1238 1163 factum
1264 1094 1279 1162 ἓ

364 1197 457 1264 Pam.
477 1199 545 1276 Ita,
565 1197 711 1289 inquam.¹
1096 1271 1098 1276 ,

208 1307 298 1373 Pam.
312 1302 396 1391 Quis
410 1327 464 1370 me
479 1315 528 1370 est
541 1301 761 1398 fortunatior?
775 1303 1020 1397 venustatisque
1033 1304 1116 1374 adeo
1126 1304 1279 1398 plenior?

206 1413 322 1504 Egone
330 1434 391 1503 pro
398 1407 463 1476 hoc
471 1421 503 1476 te
514 1409 630 1500 nuntio
640 1408 718 1503 quid
730 1407 1220 1503 donemlquidlquidlnescio.
1236 1433 1276 1472 ⁸⁵0

207 1519 294 1586 Pax.
312 1518 357 1584 At
374 1539 436 1609 ego
454 1515 531 1582 seio.
555 1518 645 1583 Pam.
664 1514 785 1602 Quid?
804 1521 889 1584 Pan.
910 1515 998 1583 Nihil
1021 1519 1117 1584 enim.

205 1627 294 1694 Nam
303 1623 452 1715 nequein
460 1620 709 1712 nunti0,neque
717 1622 751 1688 in
761 1646 814 1690 mc
826 1623 898 1715 ipso
906 1621 1050 1690 tihihoni
1061 1622 1188 1716 quidsit
1198 1625 1278 1694 scio.
1300 1624 1303 1631 ’

206 1733 298 1800 Pana.
310 1725 416 1822 Egon'
426 1741 473 1811 te,
484 1727 541 1820 qui
552 1727 594 1794 ab
604 1729 692 1795 Orco
704 1742 873 1796 mortuum
889 1751 943 1796 me
957 1727 1112 1797 reducem
1124 1731 1159 1796 in
1167 1728 1279 1800 lucem

364 1833 481 1902 feceris
494 1884 503 1918 ‚

206 1944 317 2012 Sinam
333 1941 402 2008 sine
416 1961 554 2005 munere
571 1963 591 2006 a
609 1964 663 2008 me
674 1938 791 2006 abire?
808 1939 875 2026 ah,
894 1941 1032 2008 nimium
1044 1965 1097 2009 me
1108 1941 1278 2037 ingratum

364 2057 471 2139 putas.

210 2153 276 2223 Sed
290 2149 489 2220 Bacchidem
510 2170 622 2217 eccam
639 2149 736 2220 video
750 2165 836 2220 stare
854 2165 931 2219 ante
947 2153 1077 2220 ostium.
1240 2182 1279 2222 ass

211 2262 269 2328 Me
287 2267 467 2350 exspectat,
485 2253 607 2322 credo:
628 2255 734 2323 adibo.
757 2258 840 2326 Bac.
861 2255 971 2345 Salve,
990 2257 1169 2352 Pamphile.

211 2371 303 2435 Pana.
325 2365 357 2430 Ο
370 2355 530 2430 Bacchis!
554 2385 663 2428 omea
683 2362 822 2430 Bacchis
841 2357 849 2429 l
870 2365 1032 2432 servatrix
1050 2389 1133 2433 mea.

211 2475 294 2541 Bao.
316 2471 405 2537 Bene
424 2465 566 2554 factum,
581 2481 615 2534 et
629 2464 751 2562 volupe
767 2469 817 2536 ’st
838 2469 929 2537 Pam.
949 2471 1057 2539 Factis
1072 2485 1110 2538 ut
1127 2469 1278 2556 credam,

369 2573 465 2660 facis,

247 2736 307 2801 845.
317 2735 565 2800 Ncaliuderedmtq.
575 2736 720 2786 alirtdnunt.
801 2733 861 2788 851.
877 2739 912 2784 Aa
926 2754 970 2802 ego
984 2737 1041 2787 scio.
1058 2735 1117 2788 Hoc
1135 2734 1212 2799 dicit,
1222 2753 1278 2788 non

211 2821 252 2872 Ne
265 2818 338 2869 laeter
353 2813 387 2866 de
400 2831 513 2878 unare,
535 2812 600 2866 dnm
614 2825 643 2866 tu
656 2833 722 2866 nun·
765 2832 840 2866 secus
853 2831 884 2866 ac
895 2813 916 2866 si
926 2813 977 2866 sibi
987 2813 1054 2886 quid
1062 2815 1091 2867 in
1107 2829 1224 2868 mentem
1234 2834 1279 2868 ve·

210 2899 258 2950 tias
268 2895 386 2946 alteram.
601 2909 605 2918 “
766 2893 836 2945 nerit
843 2909 851 2956 ;
866 2891 913 2945 sed
925 2893 1046 2964 reprimit
1062 2913 1091 2947 sa
1101 2893 1204 2958 dicens,
1216 2897 1279 2946 citit

245 2976 307 3037 846.
320 2972 453 3032 Invenisse,
466 2969 628 3040 cognovisse.
765 2974 837 3023 enim.

246 3055 307 3122 847.
318 3053 392 3101 Suum
401 3045 467 3099 dicit
480 3045 621 3118 Myrrhina
637 3065 720 3100 annu·
799 3051 862 3104 852.
875 3056 926 3106 Me.
938 3049 1082 3108 Lindenhr.
1097 3070 1145 3105 ms.
1155 3053 1217 3123 Bag.
1228 3073 1277 3104 me·

210 3139 282 3193 lum,
300 3147 381 3202 quem
393 3125 491 3198 virgini
500 3121 655 3196 Pamphilus
666 3125 718 3178 eri·
764 3143 820 3180 met.
830 3160 865 3170 —
876 3131 1039 3198 Numaeque
1059 3133 1093 3181 in.
1107 3135 1204 3194 natatio,
1227 3144 1277 3185 etc.

209 3213 279 3288 puit.
298 3237 333 3250 -
350 3214 467 3270 Factum,
491 3203 520 3257 id
538 3217 591 3271 est,
610 3203 672 3256 dixi.
684 3235 719 3246 -
762 3207 848 3278 Magis
866 3207 932 3262 scire
944 3209 1002 3264 vult
1014 3229 1095 3282 quam
1111 3227 1210 3263 munus
1231 3229 1275 3264 ac·

148 3289 149 3301 ¹
210 3301 274 3346 Eum
283 3309 361 3360 quem,
373 3298 424 3340 etc.
438 3283 518 3350 Quod
527 3282 598 3336 idem
607 3283 718 3338 Bacchis
763 3287 861 3359 cipere.
875 3291 940 3340 Dore.

210 3372 290 3427 modo
302 3367 429 3423 narravit.
443 3365 592 3436 Supra,vs.
607 3361 668 3435 574.
717 3406 719 3417 .
802 3366 862 3420 853.
883 3371 924 3417 Te.
940 3367 981 3418 Al.
997 3386 1053 3420 non
1069 3369 1134 3422 hah.
1154 3369 1274 3442 ee‚quod

190 3471 193 3478 ¹
247 3453 307 3518 849.
320 3449 390 3516 Quis.
404 3445 464 3497 Lih.
474 3442 556 3514 antiq.
567 3445 623 3509 Qui.
634 3450 722 3494 -Ve·
766 3443 964 3498 ediaweae.
978 3457 1004 3498 et
1017 3458 1083 3500 vert.
1095 3448 1144 3501 Da.
1154 3479 1190 3492 -
1199 3451 1273 3517 Egna’

210 3533 312 3585 uastatis
330 3527 435 3595 planior.
457 3523 582 3593 Jungitur
604 3521 722 3578 felicitati
765 3540 796 3577 te.
821 3524 921 3594 Supple
935 3525 1100 3580 committam
1118 3541 1150 3582 ut
1167 3527 1223 3582 non
1233 3545 1272 3580 re·

209 3624 343 3670 venusam,-
356 3606 438 3678 idque
450 3603 562 3667 merito,
576 3619 659 3674 quum
665 3603 719 3654 Ve-
764 3621 903 3656 muneram
915 3614 959 3656 te.'

209 3711 260 3744 nus
281 3685 453 3758 Pamphilum
477 3682 593 3736 beaverit
620 3700 719 3734 amore.
799 3682 859 3735 858.
875 3687 969 3751 Volupe
984 3699 1028 3735 est.
1042 3684 1155 3738 Gaudeo
1166 3685 1201 3738 ita
1215 3703 1270 3737 eve-

209 3775 325 3830 Contra‚
342 3764 423 3818 Andr.
439 3782 477 3818 vs.
494 3763 543 3824 245
562 3780 569 3814 τ
591 3760 719 3813 «Adeon’
763 3761 878 3826 nisse3ct
885 3773 924 3814 est
934 3767 1024 3830 volupe
1032 3781 1082 3817 vox
1089 3763 1271 3834 Plautina‚pro

207 3847 348 3902 hominem
370 3845 541 3896 invenustum
572 3857 648 3903 esse,
674 3851 721 3892 aut
760 3835 886 3908 'uolztptas
899 3845 1025 3892 -Factis
1038 3856 1066 3892 ut
1074 3844 1173 3892 credam
1180 3879 1188 3904 ,
1194 3843 1268 3908 facis.

208 3928 339 3980 infelicem
348 3941 511 3996 quemquam
521 3931 551 3974 ut
560 3937 609 3990 ego
620 3937 678 3972 sum
686 3917 717 3970 Ρ»
764 3917 801 3970 Ut
813 3917 921 3971 credam
931 3919 981 3970 tibi
995 3932 1100 3990 gratum
1109 3919 1138 3973 id
1148 3939 1203 3973 esse
1212 3918 1269 3970 facis

208 4014 269 4060 Mer.
284 4005 388 4054 casaub.
764 3997 842 4050 rebus
856 3999 921 4070 ipsis
931 4018 985 4052 non
998 4000 1085 4056 verhis
1096 4011 1200 4054 tantum
1211 4017 1217 4050 :
1224 3998 1267 4072 fa·
