2864 4776
217 367 289 466 348
452 375 631 446 PUBLH
656 379 908 450 TERENTII
932 379 1052 448 AFRI
1094 407 1098 414 ·

231 565 1307 590 mmfflfflmmmnsmmm

441 743 685 852 SCENA
726 747 1053 852 ADDITA*.

579 985 689 1054 Act.
709 985 752 1068 V,
786 985 856 1053 SC.
884 1007 917 1052 x.

600 1165 887 1196 ...um-..-

445 1299 452 1312 ·
524 1278 735 1364 ruffinum.
761 1299 973 1366 monnio.

217 1485 302 1549 Pne.
322 1483 381 1548 Est
395 1483 542 1572 profecto
559 1481 663 1563 Deus,
682 1482 758 1570 qui,
783 1504 855 1570 quae
873 1505 934 1547 nos
952 1483 1109 1573 gerimus,
1127 1487 1295 1575 auditque

348 1601 381 1650 et
404 1583 500 1648 Videt.
1236 1604 1293 1642 1⁰⁵5

215 1687 330 1774 Neque
346 1685 380 1750 id
397 1707 510 1750 verum
527 1685 696 1767 existimo,
715 1683 805 1772 quod
820 1686 918 1776 vulgo
936 1684 1073 1752 dicitur:

215 1819 228 1843 α
242 1789 387 1852 Fortuna
403 1787 544 1852 humana
561 1785 653 1876 lingit
670 1801 833 1874 artatque,
851 1803 888 1851 ut
904 1787 1031 1852 lubet.»

216 1887 300 1951 Pno.
320 1887 409 1968 Ohe,
427 1885 506 1974 quid
525 1888 609 1951 istuc
625 1887 696 1952 est?
710 1887 874 1952 Socratem
892 1910 960 1952 non
973 1887 1153 1953 Pbaedriam

217 1989 367 2070 Offendi,
387 2005 425 2052 ut
440 1987 547 2068 video.
568 1989 666 2052 Cesso
682 1987 770 2052 adire
786 2005 819 2052 et
836 1988 1003 2076 colloqui?
1058 1985 1065 2004 “

215 2093 324 2172 Heus,
338 2088 502 2170 Phaedria,
519 2087 608 2153 unde
626 2089 686 2152 tibi
702 2090 772 2154 baec
788 2111 872 2154 nova
891 2091 1064 2178 sapientia,
1237 2109 1288 2146 10⁶0

215 2192 318 2280 quue
336 2193 368 2254 in
384 2209 450 2254 tam
468 2213 604 2280 magno,
622 2188 713 2278 quod
731 2213 797 2279 prae
813 2207 846 2256 te
861 2191 943 2273 fers,
961 2189 1103 2279 gaudio?

216 2291 302 2356 Prin.
322 2292 351 2356 O
368 2291 466 2370 salve,
485 2291 606 2354 amice!
624 2314 645 2354 o
662 2291 819 2356 Phormio
837 2291 1039 2374 dulcissime,

248 2463 261 2490 *
274 2469 343 2514 Hauc
360 2481 469 2524 ocenum,
480 2481 535 2529 qute
549 2465 576 2512 ln
589 2461 655 2512 nullu
670 2479 722 2512 om·
805 2467 881 2516 1055.
891 2467 1009 2522 Gerimus,
1018 2466 1117 2530 agimus.
1126 2467 1285 2530 Sup.v.rt,5.

215 2547 276 2594 nino
299 2545 435 2594 editionum
458 2556 595 2593 nostrarum
624 2544 721 2602 citatur,
804 2548 878 2608 1057.
892 2549 1002 2595 Fortuna
1015 2543 1282 2611 lutnanafiugit,ete.

214 2635 370 2689 representat
380 2633 404 2672 et
416 2623 569 2672 vernaculum
581 2622 686 2671 traducit
696 2624 722 2672 in
766 2625 893 2677 claudian.
915 2625 941 2672 ln
964 2622 1048 2673 Rufio.
1070 2624 1113 2672 lib.
1135 2626 1164 2682 1,
1187 2623 1283 2671 initio:

215 2703 723 2770 linguumGullicntinterpreeLemannum
773 2726 867 2752 ......
881 2719 1005 2768 muneque
1028 2704 1093 2751 viam
1114 2719 1165 2750 non
1188 2714 1278 2766 sponte

214 2793 373 2848 caututurqne
385 2800 437 2831 eum
450 2783 523 2844 adjici
539 2783 681 2848 plerumque
698 2785 725 2830 in
769 2783 885 2847 sequebar
893 2783 1012 2842 Alter-lm,
1027 2797 1170 2846 vacuoque
1182 2798 1279 2830 currere

215 2863 280 2910 calce
299 2862 434 2910 editionum
452 2863 484 2910 ad
505 2879 573 2910 utum
591 2863 726 2923 juventutis
769 2864 859 2911 nemina
878 2874 949 2911 motu
971 2860 1097 2920 Affirmet‚
1119 2877 1283 2925 magnumque

215 2940 467 3000 accommodatarum
485 2957 631 3005 quamquam
650 2941 680 2989 de
697 2958 725 2990 ea
769 2959 846 2992 novat
859 2958 902 3008 per
916 2942 987 2989 inane
997 2939 1086 3005 ligurus
1098 2943 1218 2998 Fortuna,
1228 2957 1280 2988 non

215 3035 247 3066 ne
259 3019 408 3066 mentionem
418 3019 516 3082 quidem
531 3020 603 3067 fuciut
616 3021 669 3084 ipae
678 3023 725 3070 Ju·
769 3032 819 3069 arte
829 3021 893 3086 regi,
905 3022 1139 3082 etun-Humana,
1151 3035 1189 3066 ret
1198 3019 1282 3066 buma-

217 3098 327 3146 veneiut.
346 3098 409 3145 Utut
431 3099 479 3157 ait,
503 3097 597 3163 placuit
615 3115 668 3145 eam
685 3098 725 3146 bic
769 3099 1003 3162 nas.-Artut‚vel
1014 3110 1112 3158 arctat,
1125 3099 1282 3162 constringit,

217 3174 319 3238 referri,
338 3193 393 3241 qute
411 3177 504 3225 scilicet
520 3177 620 3226 alterum
637 3177 725 3224 subulae
769 3179 887 3242 adjungit.
897 3177 1004 3226 Murtinl.
1014 3180 1061 3241 up.
1071 3177 1149 3240 lib.‚11
1160 3192 1167 3227 :
1180 3179 1282 3228 «Auu-

216 3257 292 3321 ipuiuu
300 3266 394 3321 partem
407 3257 464 3304 tutia
478 3253 583 3304 dilucide
596 3254 725 3320 expediat,
769 3273 816 3322 que
827 3256 962 3305 immodicis
969 3267 1031 3304 artat
1038 3256 1212 3320 imaginibus.»
1222 3257 1281 3306 Non

214 3347 239 3384 et
251 3337 277 3384 iu
291 3351 339 3399 qun
349 3350 402 3382 non
412 3335 474 3384 adeo
486 3336 568 3400 inepte
577 3346 662 3383 auctor
668 3334 724 3382 imi·
769 3335 831 3384 male
843 3336 892 3400 legi
902 3334 1071 3383 arbitraremur
1083 3346 1161 3401 aptat.

214 3425 278 3462 tatus
290 3415 322 3462 ait
336 3429 416 3461 verum
426 3414 533 3462 Terentii
548 3429 653 3462 munum.
666 3415 724 3463 Non
807 3414 882 3478 1059.
896 3415 927 3461 Ut
934 3413 1017 3462 uideo.
1032 3413 1130 3461 Scilicet
1142 3423 1280 3478 exlaenten-

213 3497 340 3544 ituantem
353 3493 458 3541 inuenire
477 3492 564 3542 libebit
580 3493 607 3540 iu
621 3507 724 3556 exagge·
768 3493 801 3541 tia
810 3509 882 3557 quum
894 3493 1062 3558 pronuntiavit
1074 3491 1136 3540 adeo
1150 3491 1278 3554 sapienter.

215 3574 296 3622 randis
306 3571 494 3634 commentariis,
505 3583 534 3620 ut
542 3571 644 3620 velimus
653 3573 723 3620 adul-
806 3572 880 3621 1061.
898 3570 984 3635 quue.
998 3572 1029 3620 Et
1041 3571 1148 3636 quidem.
1162 3568 1280 3618 Similiter

214 3653 319 3701 terinum
331 3651 380 3700 hoc
397 3651 574 3714 fragmentum,
587 3652 654 3700 notia
665 3651 722 3700 illu·
767 3649 860 3710 Graeci,
878 3651 920 3702 καὶ
944 3655 1036 3702 ταῦτα.
1062 3648 1112 3705 'litu
1133 3639 1228 3702 Ᾰθηνᾶν
1255 3649 1279 3700 ἐν

213 3733 284 3780 etrari
293 3729 368 3795 (abuit
381 3729 455 3777 verbo
466 3729 583 3796 invidia);
604 3746 659 3794 quie
672 3731 723 3778 lam
767 3731 860 3798 κεφαλῇ
872 3730 993 3799 (aequitius
1008 3730 1020 3780 l
1038 3729 1110 3793 Ζεὺς,
1123 3726 1165 3780 καὶ
1179 3732 1277 3784 ταῦτα,

212 3821 308 3858 muneut
320 3824 433 3858 concentu
447 3809 495 3856 toli
502 3809 628 3857 Terentio.
648 3810 723 3860 Cave·
769 3808 877 3860 incultu.
896 3812 954 3858 Luc.
971 3809 1035 3856 Diul.
1049 3811 1127 3857 Deor,
1144 3809 1168 3856 8.
1182 3808 1280 3871 Jupiter

211 3888 292 3935 bimus
305 3899 416 3945 tuntum,
434 3904 465 3935 ne
478 3887 539 3952 qnid
552 3899 670 3948 trauseat,
683 3888 721 3934 in·
767 3888 793 3935 iu
819 3887 919 3936 cerebro
944 3887 1023 3936 vivum
1053 3889 1164 3935 nutrient
1184 3887 1278 3933 Miner-

211 3966 384 4029 terpretatione
402 3965 530 4031 indigens,
550 3977 574 4016 et
588 3968 722 4015 necessario
768 3982 833 4028 vum,
844 3966 971 4032 etquidem
980 3967 1208 4015 armininttructam.

210 4043 396 4110 explanandum.
808 4047 884 4096 106².
900 4047 996 4095 Osalve
1004 4081 1013 4106 ,
1028 4046 1125 4096 arnice!
1139 4063 1154 4094 o
1165 4043 1278 4092 Phormio
