2776 4782
312 387 527 458 uncini.
555 389 665 456 aur.
695 389 753 473 11,
782 391 850 458 sc.
879 393 933 456 ru
1090 392 1159 490 157

98 525 138 591 At
156 519 248 608 vide,
266 543 366 614 quam
389 522 554 604 immerito
576 520 734 616 aegritudo
754 521 826 590 haec
846 523 952 590 oritur
970 524 1015 592 mi
1031 525 1089 594 abs
1107 539 1163 613 te,

250 628 405 695 Sostrata.

96 737 161 802 Rus
173 732 361 801 habitatum
374 733 458 817 abii,
476 731 661 803 concedens
674 731 785 816 vobis,
798 745 831 800 et
844 733 891 801 rei
907 736 1069 822 serviens,

97 845 228 909 Sumtus
244 853 372 908 vestros
390 841 559 932 otiumque
578 852 617 906 ut
631 852 745 907 nostra
762 861 814 906 res
833 853 944 932 posset
961 843 1046 934 pati,
1123 861 1163 902 ns

96 949 170 1014 Meo
197 945 304 1014 labori
320 945 412 1014 haud
432 969 595 1040 parcens,
621 959 741 1038 praeter
765 970 895 1038 aequum
914 960 1013 1040 atque
1032 962 1161 1017 aetatem

252 1075 369 1120 meam.

95 1161 169 1230 Non
187 1174 222 1228 te
238 1183 301 1252 pro
316 1159 367 1226 his
386 1181 519 1227 curasse
536 1157 658 1243 rebus,
686 1182 729 1226 ne
746 1157 825 1250 quid
843 1182 929 1251 aegre
943 1173 1029 1227 esset
1047 1154 1151 1228 mihi?

95 1269 145 1336 So.
168 1268 248 1336 Non
266 1288 341 1332 mea
358 1288 476 1358 opera,
500 1289 608 1358 neque
630 1262 687 1358 pol
705 1261 802 1357 culpa
817 1266 936 1334 evenit.
960 1267 1023 1334 La.
1051 1269 1160 1336 Immo

250 1395 413 1438 maxume.

96 1476 166 1546 Sola
185 1477 240 1546 hic
257 1477 371 1545 fuisti:
391 1477 425 1544 in
437 1490 469 1544 te
481 1476 588 1544 omnis
600 1476 703 1544 haeret
714 1474 811 1569 culpa
828 1475 913 1561 sola,
933 1480 1089 1547 Sostrata.

96 1585 175 1672 Quae
185 1585 242 1652 hic
252 1597 360 1662 erant,
375 1606 521 1667 curares3
533 1607 635 1676 quum
645 1607 707 1675 ego
717 1606 776 1650 vos
784 1581 866 1650 solvi
873 1585 960 1651 curis
970 1583 1105 1652 caeteris.
1123 1609 1160 1648 ²30
1230 1626 1234 1632 ·

96 1693 178 1758 Cum
194 1688 306 1784 puella
321 1713 421 1776 anum
438 1689 618 1782 suscepisse
635 1687 819 1756 inimicitias
833 1713 901 1756 non
918 1687 1047 1781 pudet?

97 1795 278 1866 illiusdices
288 1794 387 1889 culpa
394 1795 526 1864 factum.
534 1797 592 1864 So.
604 1793 702 1862 Haud
710 1793 862 1886 equidem
871 1793 957 1880 dico,
966 1797 1013 1863 mi
1020 1794 1158 1864 Laches.

97 2011 196 2045 socrum
210 1987 312 2052 credit,
332 1997 407 2040 tanto
424 1986 604 2038 vehementius
647 2001 715 2049 rem,
729 2001 825 2037 curare
838 1985 948 2049 saltem,
960 2006 992 2037 ne
1006 1989 1067 2054 quid
1077 2009 1155 2058 tegre,

89 2091 141 2142 ,pro
161 2069 320 2124 Philumena
338 2065 448 2130 nititur;
471 2081 501 2116 ut
523 2063 603 2116 etiam
647 2062 734 2116 etc.h.
746 2083 769 2116 e.
780 2084 812 2115 ne
820 2065 950 2130 quidmihi
959 2065 1070 2120 doleret.

97 2151 243 2204 officiorum
263 2143 385 2199 ordinem
404 2154 543 2214 pervertat.
571 2143 604 2194 In
683 2144 743 2196 228.
758 2146 853 2194 Evenit.
863 2143 914 2196 Ed.
926 2147 985 2198 Am.
1001 2151 1077 2215 1669,
1085 2148 1158 2219 apud

97 2250 145 2302 qno
153 2227 301 2302 suggeritur
309 2227 429 2280 Sostratae
436 2223 539 2276 occasio
547 2225 603 2296 ejus
647 2225 737 2278 West.
748 2227 923 2276 uenit.-'-Non
937 2245 992 2276 mea
1001 2245 1094 2294 opera,
1108 2239 1158 2280 etc.

98 2310 203 2372 consilii,
211 2304 370 2374 inf.vs.557‚
378 2301 604 2375 sqq.simul‚quod
646 2302 867 2374 ExplicatDouet.
876 2315 906 2354 ut
916 2304 1062 2357 soletacnte
1070 2308 1105 2368 (et
1114 2307 1160 2360 hic

99 2389 168 2442 nimis
181 2408 195 2440 a
205 2382 433 2439 Lacheteduriter
445 2382 489 2435 hio
500 2381 603 2434 dictum
647 2382 735 2433 forsan
744 2380 821 2432 nimis
829 2383 920 2448 acute)
932 2399 938 2433 :
948 2406 959 2427 ι
967 2382 1047 2435 vellet
1056 2383 1157 2437 dicere:

99 2462 599 2538 est‚corrigituraPoeta‚tumstatim‚
646 2461 736 2514 Nurus
758 2461 837 2530 culpa
862 2461 967 2523 evenit;
993 2461 1039 2514 sed
1063 2464 1158 2516 melius

99 2549 197 2620 quando
219 2546 308 2599 effuso
325 2540 467 2596 iracundiae
484 2541 602 2610 impetu,
647 2539 731 2601 dixit,
743 2559 792 2590 nou
805 2559 877 2598 inea,
889 2559 924 2591 ne
938 2539 1088 2593 accusando
1097 2559 1160 2594 oon-

99 2626 242 2680 ratiocinari
250 2623 427 2694 incipitsenex
434 2632 461 2674 et
468 2620 603 2672 honestius
647 2619 778 2683 firmaret,
793 2619 866 2690 quod
882 2618 951 2672 dixit
966 2638 1063 2684 senex,
1076 2643 1158 2674 omnes

101 2725 155 2757 cum
174 2723 262 2758 uxore
283 2702 368 2774 loqui,
393 2713 450 2752 tum
479 2711 604 2751 accurata
647 2717 743 2759 socrus,
753 2709 852 2748 etovs.
863 2702 1030 2763 manopera
1041 2698 1158 2754 differta

100 2777 604 2857 disputationePamphili,quaSostrata
648 2779 720 2856 cptpa
730 2812 737 2836 ‚
748 2775 844 2826 Donat.
858 2772 987 2838 docente,
1001 2775 1055 2828 hoc
1065 2781 1157 2846 modo,

100 2884 156 2918 vero
168 2864 322 2918 officiorum
335 2859 429 2912 ordine
440 2857 603 2910 Philumene
649 2853 728 2906 utilia
738 2853 843 2906 scientis
854 2853 898 2913 sit,
912 2853 963 2908 hoc
971 2856 1158 2910 nescientia-

98 2945 239 3014 praefertur,
252 2961 292 2994 vs.
303 2959 361 3011 sup.
369 2939 424 2992 citt.
435 2941 538 2988 Boecler.
647 2941 724 2986 Immo
736 2937 851 2984 inanime.
865 2935 1043 3006 corrigentis,
1056 2938 1099 2990 vel
1113 2957 1159 3010 pr>

131 3031 187 3087 ηις.
203 3025 360 3080 Concedam,
375 3016 550 3091 procedens,
565 3033 601 3068 se.
646 3013 698 3066 tius
709 3013 849 3066 refutantis
859 3014 970 3066 sortiter.

99 3102 191 3156 locum.
201 3102 299 3154 Melius
308 3110 347 3150 est
355 3117 433 3169 quam
442 3097 602 3167 intelligere,
683 3111 743 3160 ²²9·
763 3096 812 3144 Sel.
826 3094 895 3160 hiofi
914 3093 1031 3164 Supple,
1045 3114 1104 3166 quae
1117 3098 1158 3150 fa.

105 3201 258 3243 ·annuens,
273 3179 375 3239 sinens,
393 3189 422 3228 ut
435 3195 481 3230 vos
495 3175 523 3226 in
537 3176 602 3227 urbe
646 3171 747 3225 mittam
757 3189 869 3241 regeres.
1135 3167 1137 3172 ’

101 3263 219 3325 essetis»,
232 3257 307 3330 quod
328 3268 420 3308 tamen
434 3254 471 3306 sic
493 3253 604 3324 explicat
684 3253 743 3306 230.
757 3254 866 3302 Cereres.
879 3249 1050 3320 streperent
1059 3258 1160 3306 sola.-

99 3341 222 3393 Donatus.
238 3367 268 3378 -
279 3339 324 3388 aet
331 3337 443 3386 serviens.
454 3333 499 3386 Rei
509 3333 603 3386 facien·
648 3334 712 3382 Solvi
722 3333 793 3380 curis.
803 3329 843 3380 At.
855 3330 916 3380 solvi
925 3332 1023 3382 aruris.
1038 3361 1073 3371 --
1084 3337 1159 3384 Cum.

99 3417 136 3472 da
146 3432 169 3472 et
178 3415 307 3488 augendae
317 3428 425 3483 operam
434 3411 507 3464 daris.
650 3429 705 3472 rer,
719 3409 828 3480 supple,
843 3407 1101 3479 oportebat-Curis
1114 3433 1161 3464 εω-

131 3500 188 3552 225.
195 3501 288 3548 Nostra
294 3513 339 3544 res.
344 3492 493 3544 Facultates
499 3501 604 3554 nostrae,
650 3491 720 3548 reris,
731 3505 791 3558 quae
800 3487 835 3540 ad
844 3487 956 3548 vietum,
966 3488 1091 3540 vestitum
1099 3491 1161 3544 alia·

13 3571 14 3578 ἵ
100 3587 224 3645 quasunt
234 3573 389 3626 mediocres.
650 3586 683 3620 ve
694 3567 811 3620 attinent.

131 3659 188 3708 226.
202 3661 297 3706 Praeter
305 3669 409 3718 oequum.
423 3649 493 3714 Quia
502 3647 605 3700 fruimi·
687 3646 745 3698 231.
761 3647 819 3696 Cum
828 3649 903 3712 puell.
917 3655 968 3696 etc.
982 3644 1083 3699 Blande
1091 3655 1162 3715 puel.

13 3775 14 3802 p
100 3735 141 3798 ui,
158 3750 311 3805 quumego
324 3729 463 3782 doluerim.
477 3732 607 3794 -Arque
651 3731 700 3784 tarn
714 3723 800 3776 dixit:
815 3725 892 3794 quasi
905 3725 1063 3777 concesserit
1072 3726 1161 3801 Heoye

13 3803 14 3832 ἶ
100 3829 200 3866 atatem.
214 3811 283 3877 Quia
294 3829 355 3864 sum
368 3827 448 3863 senex
460 3819 486 3859 et
499 3807 604 3860 debilis.
650 3825 707 3858 ram
736 3804 820 3857 solam
844 3804 965 3874 iniquam
993 3821 1071 3868 esre3
1100 3827 1161 3863 cum

132 3913 192 3964 ²27.
207 3901 256 3944 Pm
268 3895 395 3944 kisrebus.
409 3888 460 3940 Pro
474 3886 514 3938 his
530 3886 607 3938 meri·
652 3881 830 3940 amaritudine
843 3894 932 3934 autem
942 3899 1026 3932 anum.
1047 3925 1050 3930 .

13 3995 14 4030 t
99 3974 138 4024 tis.
149 3973 249 4026 Sensus
261 3983 301 4024 est
312 3990 318 4022 :
333 3988 424 4022 nonne
438 3980 463 4020 te
472 3965 607 4037 oportuit,
689 3965 750 4018 ²32.
761 3966 830 4014 Illius
840 3965 904 4012 dices
915 3963 1052 4030 comfort.
1061 3965 1162 4024 Praeve·

98 4050 159 4102 dum
182 4069 231 4120 ego
257 4061 343 4102 tantos
368 4048 471 4099 labores
497 4044 607 4096 sustine·
653 4045 693 4094 nit
714 4041 908 4102 defensionem,
928 4051 954 4092 et
972 4045 1081 4098 eamsic
1099 4067 1162 4118 pm.

840 4263 852 4308 Ι
