2864 4776
367 353 615 428 Puonnuo.
639 331 748 428 scr.
774 359 818 444 u,
844 360 915 429 sc.
936 361 979 430 v.
1038 347 1041 354 ’
1139 357 1208 431 325

127 492 236 562 Nunc
265 515 332 560 una
355 476 437 559 mihi
460 515 512 560 res
537 493 636 560 etiam
659 505 779 578 restat,
809 507 956 586 quaeest
978 491 1208 580 conficiunda,

295 599 400 666 otium
1170 610 1209 650 ⁸³⁰

129 704 189 773 Ab
210 703 344 774 senibus
367 702 411 772 ad
433 703 618 798 potandum
636 718 676 772 ut
702 703 870 772 habeam:
896 727 974 773 nam
995 703 1122 800 aliquot
1146 705 1208 774 hos
1241 785 1242 790 γ

297 833 426 879 sumam
447 809 528 879 dies.
1021 826 1023 834 ’

129 924 173 986 A.
202 915 271 986 Sed
284 916 442 986 Phormio
457 913 497 985 'st
514 940 521 983 :
540 915 620 1010 quid
641 914 716 986 ais?
733 919 822 986 Puo.
840 911 952 1005 Quid?
980 919 1021 986 A.
1040 916 1210 1006 Quidnam

290 1047 380 1092 nunc
399 1021 530 1091 facturn
544 1025 585 1092 ’st
600 1020 773 1094 Phaedria?
922 1053 929 1082 ι

138 1130 220 1217 Quo
235 1143 334 1222 pacto
352 1129 535 1199 satietatem
554 1130 675 1199 amoris
690 1129 736 1198 ait
750 1153 785 1198 se
804 1125 889 1197 velie
904 1122 1099 1198 absumere?

132 1239 225 1304 Puo.
242 1236 398 1304 Vicissim
416 1250 528 1330 partes
542 1249 619 1305 >tuas
634 1249 754 1304 acturu
772 1232 822 1305 'st.
844 1236 885 1303 A.
902 1235 1017 1323 Quas?
1048 1238 1136 1306 Puo.
1163 1239 1213 1306 Ut

259 1417 262 1430 ⁸
299 1341 421 1436 fugitet
433 1355 573 1436 patrem.
637 1423 640 1430 ,

134 1450 182 1516 Te
210 1471 286 1516 suas
314 1449 446 1543 rogavit
467 1472 599 1518 rursum
628 1462 668 1517 ut
695 1471 832 1543 ageres,
863 1471 996 1516 causam
1020 1462 1059 1517 ut
1086 1473 1149 1543 pro
1177 1474 1213 1518 sc

201 1559 203 1562 ’
296 1552 433 1622 diceres.
1170 1575 1211 1614 sss

134 1662 225 1730 Nam
243 1675 419 1754 potaturus
441 1674 491 1730 est
512 1661 603 1756 apud
617 1685 694 1732 me:
714 1684 781 1755 ego
792 1684 846 1728 me
861 1659 909 1727 ire
927 1660 1060 1729 senibus
1071 1661 1212 1732 Sunium

134 1767 256 1836 Dicam
275 1766 319 1835 ad
336 1781 540 1854 mercatum,
559 1765 750 1838 ancillulam
767 1779 940 1861 emptum,
960 1787 1061 1860 quam
1083 1766 1210 1838 dudum

296 1872 381 1942 dixit
403 1875 509 1959 Geta,

134 1981 208 2068 Ne,
222 1967 327 2074 quum
345 1979 401 2049 hic
421 2005 491 2050 non
504 1979 660 2069 uideant,
673 2003 727 2048 me
747 1977 914 2049 conficere
928 1978 1074 2066 credant
1093 2003 1210 2075 argen-

296 2099 368 2154 tum
391 2110 498 2156 suum.

134 2257 274 2330 priamque
286 2255 391 2309 dicabo.
402 2281 414 2304 ι
428 2287 464 2298 -
476 2257 571 2309 Emissa
583 2259 611 2308 'st
623 2275 655 2307 m.
692 2256 796 2324 fugitet.
811 2256 893 2328 Eugr.
906 2269 988 2312 notat.
1005 2283 1018 2304 e
1031 2257 1212 2323 Quemadmo-

134 2337 247 2410 Proprie
267 2335 400 2402 deservis
413 2347 439 2390 et
454 2336 558 2390 aucillis
568 2335 648 2388 liber·
699 2333 764 2388 dum
775 2347 805 2388 tu
814 2348 924 2408 propter
933 2337 1038 2392 facinus
1050 2337 1136 2390 ductae
1145 2357 1210 2390 uxo·

133 2428 190 2470 tate
198 2415 323 2482 donatis,
337 2427 440 2487 atquee
451 2427 579 2487 potestate
590 2414 650 2468 heri
694 2415 732 2470 ris
749 2429 851 2486 patrem
868 2415 974 2486 fugisti,
995 2416 1032 2469 ita
1045 2435 1153 2487 quoque
1164 2417 1211 2470 ille
1237 2481 1238 2486 ¹

135 2494 262 2548 dimissis.
282 2495 434 2548 Donaverat
444 2495 516 2547 enim
526 2494 651 2548 Phormio
693 2507 801 2566 propter
812 2495 976 2548 meretricem
986 2494 1129 2550 adfuturus
1143 2507 1190 2549 est.
1199 2523 1212 2542 n

76 2617 85 2628 .
134 2575 257 2628 libertate
288 2574 420 2647 puellam
448 2572 522 2646 quod
555 2573 651 2626 licebat
731 2575 793 2628 835.
813 2579 886 2626 Sues.
903 2575 966 2627 Lib.
984 2586 1038 2630 aut.
1056 2575 1210 2641 suam‚seil.

135 2653 259 2726 emptori.
695 2665 808 2726 partem.
821 2653 874 2706 Sed
891 2654 996 2707 Faerno
1018 2655 1120 2725 placuit
1138 2675 1211 2718 suas,

171 2734 234 2788 830.
245 2735 310 2786 Mihi
317 2753 338 2786 r.
354 2746 387 2786 et.
397 2731 459 2807 Lib.
474 2744 531 2785 ant.
542 2751 581 2784 res
592 2733 653 2784 milri
695 2751 774 2805 supp.
786 2745 889 2804 partes,
898 2732 973 2804 quod
982 2733 1049 2786 item
1059 2733 1149 2787 Nobis.

135 2816 217 2865 ctiam.
231 2821 265 2854 ·'·-
275 2813 449 2881 Conficiunda.
462 2809 636 2864 Perficienda.
731 2813 792 2866 836.
802 2814 910 2863 Sunium.
918 2812 980 2865 Fuit
990 2813 1118 2876 Sunium,
1127 2813 1157 2865 in
1168 2831 1211 2866 ex·

172 2893 234 2946 831.
247 2896 363 2956 Sumam,
381 2889 416 2944 ad
429 2889 591 2944 hilaritatem
605 2891 653 2943 sci·
695 2903 782 2944 tremo
802 2891 896 2945 Atticae
920 2891 1116 2962 promontorio,
1134 2893 1211 2964 oppi-

134 2971 214 3036 hcet‚
229 2982 255 3024 et
267 2970 372 3040 pocula.
695 2972 761 3026 dum
776 2981 802 3024 et
815 2969 871 3024 aede
885 2971 1010 3025 Minervas
1028 2971 1171 3042 magnifica
1185 2985 1211 3024 et

173 3051 235 3105 832.
247 3055 356 3102 Factum
365 3051 404 3101 'sa
415 3048 518 3121 Vulgo,
519 3050 651 3118 facturus,
695 3069 832 3106 servorum
845 3061 964 3102 mercatu
975 3051 1146 3104 celebratum.

135 3129 235 3184 omisso
256 3143 300 3180 est.
321 3129 382 3182 Par.
403 3129 447 3182 ed.
458 3131 588 3196 saceur's,·
602 3128 652 3180 im·
732 3130 793 3202 837.
809 3135 888 3196 Quam
902 3133 996 3181 dudum
1011 3133 1085 3184 dixit.
1105 3133 1145 3184 De
1158 3150 1211 3202 qua

136 3209 269 3282 probante
279 3208 394 3262 Perleto.
682 3241 684 3246 ν
692 3213 750 3284 jam
762 3208 867 3282 pridem
877 3209 982 3261 locutus
992 3219 1039 3262 est.
1048 3209 1092 3262 Cf.
1100 3229 1139 3262 vs.
1150 3213 1210 3274 664.
1277 3268 1278 3275 χ

173 3287 234 3340 833.
249 3292 388 3340 Absumere.
407 3285 475 3349 Alii,
493 3305 596 3338 sumere.
617 3315 652 3326 —
732 3291 793 3346 838.
810 3294 861 3342 Me.
873 3289 964 3352 Quam
975 3300 1037 3342 ente
1054 3309 1092 3340 me
1104 3307 1211 3362 praepo-

135 3373 189 3420 δατ.
209 3371 301 3418 amoris
317 3371 370 3418 abs.
379 3365 473 3420 Amori
486 3385 535 3420 suo
551 3366 654 3420 satisfa·
698 3370 788 3422 nimus
809 3368 957 3439 virgulam,
976 3367 1021 3420 alii
1037 3379 1211 3439 postponunt.

135 3466 205 3502 cere.
224 3447 353 3518 Intelligit
373 3447 468 3500 Perlet.
485 3471 497 3494 ι
508 3465 601 3500 cavere
619 3463 655 3498 ne
698 3479 735 3491 -
749 3451 813 3514 Hic,
832 3447 953 3500 Athenis.
966 3477 1002 3487 -
1018 3450 1143 3518 conficere
1154 3468 1212 3517 arg.

82 3527 92 3543 ’
135 3527 256 3582 satietate
277 3527 375 3580 amoris
398 3525 573 3598 corripiatur,
597 3535 654 3580 tota
699 3525 771 3592 Quid
781 3525 890 3598 proprie
900 3526 933 3578 sit
944 3528 1063 3598 conficere
1071 3543 1211 3596 argentum,

134 3608 301 3678 possessione
321 3607 407 3660 amica
429 3618 570 3678 accepta.»
590 3605 652 3660 Scil.
696 3604 757 3659 vide
776 3623 845 3658 vers.
868 3605 910 3658 38.
934 3603 988 3657 Hic
1005 3605 1085 3676 plane
1104 3619 1211 3659 contra·
1278 3632 1285 3666 η

135 3689 275 3738 satietatem
289 3685 387 3756 accipit
399 3703 450 3756 pro
457 3687 608 3752 fastidium,
622 3703 652 3737 ex
696 3685 736 3738 ria
748 3683 866 3752 notione,
872 3703 923 3756 pro
937 3687 1084 3751 dilapidare,
1096 3695 1211 3752 utm0x;

134 3764 312 3838 Eunuchus.
328 3765 390 3830 403.
401 3764 464 3818 vol.
474 3765 499 3826 Ι,
516 3783 544 3834 p.
556 3765 614 3828 184.
697 3777 723 3819 et
734 3765 844 3817 fortasse
858 3783 891 3816 ex
906 3762 1081 3833 ambiguitate
1090 3775 1211 3836 captatus

173 3845 235 3908 834.
251 3851 283 3896 Ut
287 3845 390 3912 fugitet.
403 3845 461 3896 Ien.
475 3842 536 3896 cod.
548 3845 654 3913 vifugit
694 3847 780 3918 jocus.
791 3846 897 3900 casaub.
909 3873 945 3882 -
959 3849 1024 3910 Arg.
1034 3861 1120 3902 surim,
1137 3844 1210 3914 quod

137 3940 173 3977 et.
185 3956 220 3967 -
233 3923 515 3978 Vicissimsecundum
526 3922 604 3986 illud,
614 3942 652 3976 vs.
697 3924 790 3978 datum
808 3923 896 3998 iuerat
907 3921 1072 3986 Phormioni,
1082 3941 1133 3998 pro
1144 3923 1213 3977 Pha-

133 4007 205 4074 267:
218 4031 230 4050 α
239 4003 654 4078 traduutoperasmutuas.»-Ue
698 4003 745 4058 nio
758 3999 882 4058 ducenda
894 4020 986 4056 uxore.
1005 4000 1049 4065 ct.
1067 4020 1124 4074 sup.
1140 4003 1211 4074 7953

1002 4096 1065 4173 21³
