2776 4782
269 387 491 456 HECYRA.
520 388 630 456 ACT.
653 391 718 472 IV,
744 391 814 458 SC.
837 395 904 460 IV.
1053 390 1121 461 205

60 525 191 593 Censen'
205 536 240 590 te
258 531 356 616 posse
371 521 516 616 reperire
535 520 637 591 ullam
657 523 848 611 mulierem,

60 631 137 718 Quae
151 641 262 698 careat
278 625 377 722 culpa
395 625 409 695 l
426 651 469 695 an
485 629 562 722 quia
582 654 653 703 non
668 629 865 725 delinquunt
880 633 942 700 viri
957 632 972 701 l

61 739 116 803 Pu.
134 737 275 804 Vosmet
291 733 402 802 videte
413 733 505 827 jam,
525 736 657 823 Lache,
680 751 713 805 et
728 752 765 806 tu
781 739 979 832 Pamphile,-

60 843 235 911 Remissan’
255 863 339 934 opus
359 841 401 910 sit
416 839 534 928 vobis,
563 841 734 910 reduetan'
751 844 900 913 domurn.

61 950 147 1016 Uxor
161 946 243 1042 quid
262 939 378 1033 faciat,
397 947 431 1014 in
448 971 549 1015 manu
566 973 635 1016 non
653 963 703 1017 est
721 974 804 1018 mea.

60 1057 177 1123 Neutra
196 1055 231 1122 in
249 1078 285 1122 re
305 1053 400 1122 vohis
421 1051 598 1122 difficultas
619 1078 639 1122 a
658 1080 713 1123 me
735 1057 806 1125 erit.

62 1160 118 1228 Sed
135 1159 217 1254 quid
237 1159 396 1229 faciemus
416 1157 549 1253 puero?
568 1163 631 1230 La.
652 1161 804 1231 Ridicule
823 1187 930 1258 rogas.

61 1266 226 1361 Quidquid
240 1266 391 1334 futurum
408 1264 465 1348 ’st‚
489 1265 569 1340 huic
588 1268 819 1338 suumreddas
836 1269 976 1357 scilicet,

61 1375 102 1441 Ut
115 1372 241 1441 alamus
254 1387 416 1442 nostrum.
438 1374 528 1440 Pan.
545 1374 654 1461 Quem
669 1375 739 1468 ipse
757 1375 902 1470 neglexit
917 1391 1025 1472 pater,
1085 1396 1124 1452 ‘⁵⁷0

61 1482 125 1573 Ego
141 1476 256 1548 alaml
274 1468 339 1548 La.
357 1477 449 1567 Quid
468 1469 574 1546 dixti?
587 1479 671 1567 eho,
698 1505 741 1548 an
753 1507 822 1550 non
841 1481 987 1568 alemus,
1026 1487 1122 1553 Pam·

197 1583 326 1680 phile?

61 1692 236 1760 Prodemus
250 1715 362 1786 quaeso
381 1689 521 1785 potius?
541 1716 614 1786 quae
634 1693 706 1762 haec
723 1696 866 1762 amentia
884 1691 957 1763 est!

62 1798 150 1866 Enim
165 1823 248 1866 vero
262 1821 398 1891 prorsus
410 1797 479 1890 jam
497 1811 607 1867 tacere
625 1824 694 1867 uon
712 1824 809 1894 queo.
911 1839 914 1846 ,

62 1905 141 1972 Nam
155 1906 248 2000 cogis
266 1929 321 1988 ea,
344 1929 417 1998 quae
434 1902 532 1988 nolo,
550 1919 588 1972 ut
608 1921 769 1998 praesente
787 1906 852 1976 hoc
871 1905 999 2001 loquar.

62 2012 212 2104 ignarum
232 2034 346 2079 censes
364 2024 495 2078 tuarum
515 2007 739 2080 lacrumarum
757 2037 828 2082 esse
846 2038 898 2082 mc
916 2012 949 2082 i¹
1086 2031 1124 2082 ⁶⁷⁵

62 2159 162 2214 lescenti
176 2160 303 2231 mulieri)
320 2180 399 2215 causa
418 2172 457 2216 est
469 2160 503 2214 de
515 2161 567 2214 hac
650 2165 711 2232 669.
734 2167 826 2232 Quidq.
832 2166 885 2232 fiat.
902 2180 942 2218 ast.
956 2165 1018 2220 Sive
1027 2185 1126 2240 nempe

63 2258 99 2307 re,
110 2253 194 2294 mater
203 2253 229 2294 te
240 2241 355 2312 impulit.
368 2265 379 2288 n
612 2241 770 2295 reducturus
780 2243 813 2295 sit
822 2242 933 2297 domum
942 2264 1060 2306 uxorem,
1069 2248 1126 2302 sive

92 2322 149 2373 662.
169 2324 250 2372 Ullam
266 2323 400 2373 mulierem.
423 2319 506 2385 Quasi
526 2318 567 2371 di·
611 2327 802 2387 non—Huic,
815 2323 964 2395 Pamphilo.

64 2399 134 2465 eat‚si
143 2399 215 2453 lianc
224 2398 413 2471 repudiaveris.
647 2405 779 2473 670.Ipse.
793 2406 863 2456 Don.
878 2405 927 2470 ipse
943 2416 970 2456 et
983 2407 1038 2473 ipsa
1052 2406 1125 2476 legit,

94 2480 151 2532 663.
163 2485 204 2532 An
217 2481 278 2548 qnia
286 2499 335 2532 aon
344 2483 392 2532 del.
403 2481 453 2531 air.
464 2477 566 2532 Gallice
611 2499 726 2552 quorum
738 2483 843 2553 utrique
853 2501 927 2535 suam
937 2483 999 2537 add.
1009 2486 1123 2557 explica-

63 2555 93 2608 ad
102 2557 212 2613 litteram
224 2571 357 2613 verteres:
372 2585 385 2606 u
394 2565 495 2612 est-cel
508 2558 567 2611 dire
611 2562 886 2614 tionem—Nostrum.
894 2561 1126 2634 Pamphilifilium‚

63 2655 110 2707 que
129 2639 165 2692 les
188 2639 310 2692 hommes
327 2639 401 2692 n'ont
419 2637 511 2712 jamais
532 2637 567 2691 de
612 2651 736 2711 nepotem
745 2657 844 2704 meum,
852 2651 997 2712 utrumque
1005 2659 1124 2695 nostrum.

62 2716 156 2770 tornl·
170 2718 200 2771 Si
213 2729 304 2770 autem
319 2737 369 2771 uec
383 2719 434 2790 ipsi
447 2717 498 2773 viri
507 2727 569 2769 suut
613 2749 648 2758 —
657 2726 738 2772 Pater.
747 2721 791 2782 Is,
811 2718 941 2770 nescimus
954 2720 1031 2790 quis,
1044 2739 1059 2773 a
1072 2739 1126 2792 qao

62 2794 184 2850 immanes
198 2797 312 2866 aculpa‚
322 2810 423 2870 quanto
437 2797 520 2869 magis
529 2797 568 2849 fe·
612 2797 772 2850 Philumena
789 2798 877 2849 luerat
896 2815 1061 2870 compressu
1074 2798 1128 2852 vid.

62 2875 144 2929 renda
154 2877 290 2930 mulieres.
612 2894 684 2948 supr.
697 2875 757 2948 571.
767 2877 829 2929 Haec
844 2877 925 2930 verba
941 2879 1127 2932 obmurmurat

94 2956 150 3010 665.
168 2958 314 3009 Remissan'.
334 2955 396 3008 Lib.
415 2967 468 3010 ant.
487 2959 569 3008 remis·
612 2955 894 3028 Pamphilus‚scilicet
905 2957 1128 3012 rixaususfidem

62 3053 117 3085 sam.
131 3035 321 3087 -l'leducean'.
330 3039 474 3088 deductam.
484 3036 519 3088 In
529 3036 564 3088 al.
612 3035 711 3088 silentii
723 3035 813 3088 datam
833 3035 947 3090 solvere.
993 3077 995 3082 -
1015 3051 1017 3058 ’

62 3111 118 3164 libb.
130 3133 175 3185 per
188 3114 320 3180 nitidae,
330 3125 360 3167 ut
375 3115 422 3182 sit,
440 3117 490 3168 Do.
506 3133 567 3167 nar·
646 3117 707 3186 671.
721 3121 776 3181 Ego
789 3119 880 3166 alam?
899 3116 958 3170 Hoc
971 3118 1085 3188 erumpit
1095 3136 1128 3172 ex

62 3207 143 3260 rante,
156 3198 307 3257 remissam,
327 3199 469 3247 reductam.
485 3193 568 3260 Quod
610 3195 700 3247 animo
713 3196 813 3248 aflectu
826 3195 937 3262 fortius;
956 3208 982 3247 et
995 3209 1129 3249 causaest

62 3285 200 3346 utrumque
217 3273 328 3346 quidam
345 3273 417 3328 edid.
433 3292 481 3345 per
499 3293 567 3346 apo·
615 3293 663 3328 cur
673 3284 746 3344 paler
754 3271 895 3326 invehatur
907 3275 935 3326 in
947 3274 1127 3344 Pamphilum.

63 3353 155 3424 stroph.
166 3356 304 3417 rena'srarr',
319 3357 457 3420 rpdrtcmn'.
477 3383 509 3394 --
525 3359 572 3404 lle-
651 3357 711 3423 674.
728 3359 761 3404 Ut
777 3373 851 3420 prees.
868 3355 915 3404 hoc
934 3358 985 3421 loq.
1007 3352 1132 3406 Ostendit

62 3434 139 3497 masa,
151 3432 186 3486 ad
200 3452 272 3488 suos.
284 3464 320 3474 -
332 3437 452 3496 deducta,
469 3430 571 3495 advos,
616 3444 704 3505 poeta,
718 3431 818 3485 affeetu
828 3431 1037 3503 ulterius,qua·m
1047 3430 1131 3494 decet,

63 3510 167 3582 supple,
183 3512 351 3566 Philumena.
616 3511 729 3584 provehi
739 3529 844 3575 senem,
857 3509 904 3563 sed
915 3511 1131 3564 cum'confesaio·
1196 3534 1199 3538 ·

93 3594 151 3644 666.
168 3597 240 3644 Uxor
249 3613 274 3659 q.
279 3594 376 3660 saciat.
391 3591 424 3644 In
434 3609 517 3663 quam
530 3589 572 3644 ni·
616 3601 780 3652 eameram,
799 3609 859 3661 quaa
873 3589 955 3662 patris
973 3589 1091 3642 officium
1101 3591 1131 3644 in

61 3666 154 3721 mirum
170 3689 279 3724 omnem
292 3670 441 3724 contulerat
458 3672 571 3743 culpam.
616 3667 735 3741 tegendis
745 3667 816 3740 apud
831 3669 897 3722 alios
910 3669 1027 3721 filiorum
1038 3669 1130 3721 erratis

61 3748 101 3800 Cf.
111 3768 148 3802 vs.
159 3750 287 3804 632.-1n
300 3771 387 3813 manu,
396 3750 424 3802 iu
434 3761 571 3823 potestate.
616 3749 770 3804 declararet.
782 3747 852 3802 Add.
865 3768 903 3803 vs.
912 3767 971 3819 71²·
984 3752 1059 3799 Boecl.

94 3831 152 3898 667.
165 3835 262 3882 Neutra
280 3833 305 3881 in
325 3850 367 3893 re,
383 3830 435 3883 hoc
451 3843 504 3892 est,
516 3830 584 3883 sive'
656 3828 719 3900 675.
738 3832 917 3892 Tuarumlacr.
928 3844 994 3896 quas
1005 3825 1134 3896 nonipse,

61 3908 216 3972 remittatur,
223 3909 281 3964 sive
288 3909 433 3964 reducatur
443 3909 575 3961 Philume·
619 3907 666 3962 sed
679 3909 797 3961 Sostrata
816 3902 1035 3977 deprehenderat.
1052 3938 1086 3947 —
1098 3907 1133 3960 Et

61 4004 108 4053 na,
122 3988 253 4058 promittit
266 4008 341 4042 suam
356 3989 522 4042 facilitatem.
619 4006 653 4040 ex
660 3987 704 4039 his
721 3985 848 4059 lacrymis
858 3983 966 4056 conjicit
978 3985 1062 4037 amari
1077 4003 1133 4038 me·

94 4067 154 4118 668.
169 4070 297 4132 Ridicule,
310 4086 373 4122 sane
384 4087 435 4140 per
444 4067 537 4121 risum.
620 4067 744 4120 retricem
758 4083 774 4118 a
788 4063 940 4136 Pamphilo.
