2812 4788
147 483 149 487 ι
217 378 283 452 136
447 380 1041 456 Punmrrnneurulrnr

212 515 345 601 lphis,
366 537 448 608 quas
468 515 612 609 primum
632 513 756 585 Caecilii
774 514 874 584 didici
893 539 1016 601 novas,

213 621 336 693 Partim
355 645 428 689 sum
446 645 560 701 earum
578 636 730 709 exactus,
753 622 874 716 partim
895 623 949 689 vix
969 619 1054 690 steti.

213 728 301 815 Quia
321 726 445 796 scibam
461 726 596 796 dubiam
615 728 783 798 fortunam
804 752 875 798 esse
893 729 1078 811 scenicam,

213 819 279 927 S'pe
292 834 432 921 incerta,
446 849 575 904 certum
588 834 671 904 mihi
686 833 834 916 laborem
850 834 977 930 sustuli.
1021 915 1027 922 .

213 939 356 1008 Easdem
371 964 469 1034 agere
487 942 588 1036 coepi,
611 956 648 1010 ut
664 941 707 1027 ab
725 941 842 1016 eodem
858 939 937 1010 alias
951 940 1112 1009 discerem
1168 951 1170 958 '

214 1047 348 1134 Novas,
367 1046 530 1136 studiose,
550 1069 593 1116 ne
608 1047 701 1116 illum
723 1047 765 1116 ab
784 1047 894 1117 studio
912 1047 1123 1130 abducerem,

186 1151 189 1156 ’
217 1152 343 1220 Perfeci
359 1167 398 1222 ut
414 1167 644 1248 spectarentur
664 1173 673 1252 ζ
695 1155 754 1222 ubi
774 1169 852 1223 sunt
869 1155 1024 1248 cognitae,

216 1257 349 1329 Placitae
363 1274 463 1328 sunt:
480 1261 525 1328 ita
541 1262 676 1329 Poetam
696 1261 824 1330 restitui
842 1263 877 1330 in
897 1259 1031 1352 locum,

216 1367 324 1461 Prope
337 1359 415 1459 jam⁸
426 1381 592 1437 remotum
608 1367 728 1461 injuria
742 1367 967 1437 adversarium

254 1579 293 1637 14.
311 1579 341 1624 In
356 1576 392 1626 tis
404 1594 482 1643 quas,
494 1587 545 1628 etc.
558 1573 727 1629 constructio
773 1575 902 1629 Donatus.
916 1575 985 1628 Nam
998 1573 1045 1627 ubi
1060 1584 1131 1628 certa
1145 1591 1206 1645 spes
1228 1583 1288 1641 est,

215 1652 368 1724 singulatim
378 1665 403 1706 et
416 1673 508 1708 sensus
520 1666 574 1708 est:
588 1655 617 1707 in
632 1673 728 1709 comoe-
772 1653 839 1706 nihil
852 1673 919 1726 opus
939 1663 977 1708 est
991 1653 1082 1706 labore
1100 1663 1174 1706 certo
1192 1670 1225 1706 ac
1244 1670 1288 1704 ve·

215 1731 267 1783 diis
281 1731 385 1802 scriptis
398 1752 412 1785 a
427 1733 551 1798 Cecilio,
563 1746 590 1787 et
600 1752 668 1806 quas
681 1751 730 1805 ego
773 1732 901 1786 hementi.

216 1809 298 1864 didici
306 1811 432 1882 primurn,
444 1813 509 1866 dum
516 1825 603 1867 essent
611 1812 732 1867 norm-4-
813 1815 854 1884 18,
869 1817 984 1867 Easdem.
1000 1809 1071 1864 Edit.
1091 1811 1174 1864 Prim.
1185 1830 1240 1877 eas.
1255 1842 1289 1850 -

218 1893 320 1950 Coecilii,
334 1909 371 1944 sc.
381 1893 477 1944 veteris
490 1906 573 1963 poetae
583 1893 680 1946 comici
690 1911 734 1946 ce·
775 1895 906 1964 Discerem.
917 1893 1028 1954 Malim,
1043 1893 1080 1944 ait
1089 1891 1209 1946 Wester.
1221 1905 1246 1942 et
1258 1893 1290 1940 ab

217 1967 367 2035 leberrimi,
381 1969 475 2042 dequo
487 1972 556 2026 Gell.
566 1973 613 2034 IV,
626 1969 731 2026 ao.Vid.
776 1976 831 2024 eod.
844 1977 880 2024 al.
901 1975 1007 2042 discere,
1026 1971 1069 2024 vel
1077 1971 1109 2023 'in
1123 1988 1189 2024 vers.
1210 1989 1254 2040 19,
1268 1969 1290 2022 si
1391 2020 1392 2024 ,

217 2066 325 2120 quoque
349 2049 377 2101 in
401 2050 536 2120 prooemiis
555 2051 651 2103 uostris
669 2052 734 2104 scri·
776 2051 836 2124 quis
850 2053 968 2122 tuebitur
986 2052 1127 2117 lectionem
1142 2051 1292 2121 vulgatam,
1391 2077 1392 2082 =

218 2140 290 2197 ptam
299 2125 335 2181 de
341 2129 389 2182 illo
398 2130 519 2183 versibus
533 2131 735 2202 elegantissimis
777 2151 827 2182 non
847 2134 914 2184 illum
933 2135 965 2182 ab
983 2133 1063 2193 studio
1086 2134 1243 2182 abducerem.
1256 2160 1292 2170 -

217 2209 456 2274 narratiunculam,
470 2210 561 2280 quam‘
566 2210 736 2265 concinnavit
777 2215 896 2276 Easdem,
905 2228 941 2264 so.
949 2221 1061 2264 exactas.
1069 2241 1105 2266 -.—
1116 2217 1148 2278 Ut
1155 2214 1187 2260 ab
1197 2214 1293 2275 eodem,

220 2289 290 2340 inter
311 2301 445 2342 nostrates
464 2289 580 2342 maxime
602 2284 736 2344 commen·
778 2301 829 2342 etc.
849 2289 887 2342 Ut
905 2308 1009 2360 sperare
1022 2289 1090 2342 mihi
1104 2289 1195 2358 liceret
1207 2307 1292 2344 novas

219 2366 341 2433 dandus,
353 2369 493 2430 Andriam,
504 2370 557 2422 vol.
570 2370 735 2440 1,p.sxx11.
776 2381 870 2440 postea
883 2369 998 2441 agendas
1017 2369 1091 2444 [orep
1107 2372 1236 2434 abeodem
1253 2381 1293 2436 est

220 2478 252 2486 -
261 2449 346 2499 Didici
351 2489 358 2514 ,
365 2460 401 2500 ut
413 2449 563 2503 recitarem.
777 2467 828 2520 pro
836 2451 953 2518 ejusdem.

261 2527 302 2580 15.
316 2531 438 2581 Partim...
444 2533 548 2597 partim.
559 2529 589 2584 C.
604 2528 639 2584 G.
648 2547 686 2582 m.
697 2547 736 2582 re·
818 2546 858 2596 19.
869 2531 909 2580 Ne
918 2531 955 2580 t'Il.
969 2527 1048 2582 Both.
1058 2548 1157 2580 nec.--
1167 2530 1292 2596 Studiose,

221 2607 286 2678 petit
294 2623 411 2676 partem
432 2621 459 2679 et
472 2609 563 2681 West.
585 2609 737 2682 suspicatur
778 2607 849 2660 refer
858 2606 891 2660 ad
901 2614 1043 2676 agera-A
1052 2609 1142 2673 studio,
1151 2605 1294 2672 scribendi.¹

220 2690 311 2756 partim
319 2688 421 2742 dictum
432 2707 481 2761 pro
486 2705 592 2762 partem,
603 2691 736 2766 ᾀρχαῖῃῶς.
778 2717 814 2756 -ss
823 2691 991 2748 Abducerem,
1003 2686 1184 2752 deterrerem,
1201 2695 1293 2755 remo·

223 2799 258 2808 —
272 2771 366 2820 Partim
382 2789 474 2824 canam.
494 2770 545 2824 Hie
561 2773 653 2838 partim
675 2789 738 2824 vere
779 2785 879 2820 vetem.

224 2846 377 2898 accusativo
392 2865 456 2900 casu
473 2849 621 2918 reponitur,
639 2862 666 2902 et
677 2849 737 2901 hel·
818 2865 859 2900 ao.
868 2847 970 2912 Pefici.
980 2843 1044 2898 Plus
1055 2857 1094 2898 est
1103 2847 1253 2918 quamseci,
1268 2856 1296 2898 et

223 2924 351 2976 lenismus
360 2937 418 2990 est,
433 2937 463 2976 ut
473 2927 571 2978 Grecis
585 2927 650 2979 κατὰ
658 2917 737 2997 piper.
780 2925 863 2977 moles
875 2923 1039 2978 difficultatis
1053 2923 1209 2977 ostenditur.
1218 2955 1253 2965 ·-
1266 2931 1298 2976 Ut

225 3034 261 3044 —
275 3007 325 3054 Vix
336 3008 403 3065 steti,
413 3004 458 3056 vix
467 3004 543 3076 potui
554 3005 739 3077 sabulamlper·
781 3018 957 3072 spectarentur.
968 3003 1080 3076 Supple,
1090 3018 1149 3056 etur
1155 3007 1295 3072 probaren-

224 3101 310 3154 agere.
319 3082 392 3148 Quid
403 3081 484 3154 igitur
492 3084 601 3148 mirum,
611 3085 633 3138 si
640 3086 739 3138 Teren·
781 3071 915 3134 tun—'Ubi
925 3097 981 3133 sunt
988 3087 1103 3150 cognitae,
1114 3086 1214 3134 Placitae
1228 3097 1295 3140 sarit.

224 3163 262 3215 tio
275 3175 361 3234 poetm
370 3163 398 3216 in
409 3181 461 3216 una
474 3161 587 3230 accidit,
596 3163 670 3236 quod
682 3164 739 3218 Cn·
781 3163 894 3234 Elegans
908 3161 1048 3234 promissio
1061 3173 1088 3214 et
1101 3163 1172 3215 hanc
1181 3163 1298 3234 placitu·

225 3241 288 3296 cilio
306 3241 335 3293 in
348 3239 457 3294 multis?
781 3261 839 3295 ram
852 3243 874 3294 si
886 3254 1070 3314 cognoscatur.
1084 3248 1151 3294 Dan.

265 3324 305 3373 16.
329 3323 463 3373 Scenicam.
486 3321 563 3374 Bent.
587 3322 739 3383 scenicam
820 3320 1299 3390 nr.Inlocum.Guell.3,add.sumn.

226 3399 301 3473 quod
321 3401 430 3476 antique
456 3400 584 3470 scriptum
607 3397 738 3472 defendit.
767 3429 819 3442 ·-
832 3407 940 3472 Poetam.
950 3399 1017 3452 Mire
1030 3419 1086 3451 non
1095 3399 1241 3463 Caecilium,
1251 3399 1301 3454 sed

225 3483 352 3533 Attamen
367 3490 469 3532 constat
481 3467 623 3542 aliunde,n
637 3479 739 3533 Graecis
780 3495 888 3549 poetam.
908 3479 945 3531 Ut
958 3479 1009 3531 hoc
1023 3479 1181 3550 generaliter
1193 3481 1301 3551 populo

225 3579 240 3612 a
254 3558 357 3630 Latinis
368 3559 394 3610 in
405 3577 419 3609 e
432 3557 554 3630 produci.
568 3563 629 3611 Peri.
644 3593 678 3602 —
687 3565 739 3625 Dc·
784 3558 945 3632 prestitisse,
955 3576 1010 3621 non
1020 3557 1069 3610 uni
1085 3557 1189 3610 homini
1207 3558 1303 3612 videa-

227 3641 292 3690 biam
303 3675 311 3701 ,
324 3636 406 3690 modo
419 3636 529 3709 quidem
541 3639 738 3704 turbulentam,
783 3639 836 3692 tur.
847 3645 940 3691 Donat.
955 3667 991 3678 -
1002 3639 1104 3696 destitui
1115 3642 1141 3690 in
1159 3641 1251 3692 locum.
1265 3639 1305 3691 In

227 3719 309 3772 modo
336 3731 424 3771 autem
446 3719 531 3790 magis
553 3718 687 3792 placidam
714 3731 740 3773 et
784 3719 926 3792 pristinum
940 3729 1038 3770 statum
1052 3731 1078 3788 et
1097 3717 1305 3772 estimationem

126 3852 128 3856 ,
227 3799 343 3852 melioris
356 3799 420 3870 spei.
783 3797 887 3852 reduxi.

267 3896 307 3948 17.
324 3885 370 3945 Spe
391 3882 500 3940 inserta,
515 3889 564 3930 etc.
578 3878 633 3930 Etsi
646 3879 740 3929 incerta
821 3899 863 3931 nn.
880 3876 1133 3930 Adversarium.Mss.
1144 3875 1201 3929 duo
1212 3881 1306 3930 adver-

227 3976 283 4024 φο,
309 3967 397 4008 tamen
418 3973 510 4010 certum
528 3962 637 4010 laborem
654 3969 740 4011 sustu·
784 3963 915 4010 sariorum.
936 3984 966 3994 —
980 3960 1087 4025 Injuria,
1099 3955 1252 4027 iniquitate.
1265 3989 1306 4014 --Ι

229 4034 258 4109 li,
277 4033 356 4088 subii·
378 4035 540 4092 sententiose
559 4049 584 4092 et
603 4057 680 4104 tere,
703 4038 741 4091 ait
787 4037 1027 4108 Adversarirlm,pro
1040 4039 1245 4120 adversariorum.
