2812 4788
313 345 316 351 ’
347 341 569 408 sununs.
597 341 706 410 Aer.
734 343 803 428 rv,
829 343 898 414 sc.
926 344 968 416 v.
1047 320 1053 335 '
1135 305 1200 442 93'

125 470 207 540 Cui?
224 470 358 564 quando
372 469 505 566 nupsit?
520 453 637 542 auctor
650 473 704 542 his
722 472 821 552 rebus
839 475 912 567 quis
930 474 999 586 pst?
1071 465 1074 490 ³
1147 505 1186 560 τηε

124 581 193 647 Cur
211 575 484 667 duxit-alienum?
497 575 632 647 AEs.¹An
650 579 763 648 sedere
776 583 925 674 oportuit

122 686 225 752 Domi
243 683 405 778 virginem
424 698 493 752 tam
513 684 673 778 grandem
682 739 695 772 ,,
719 685 799 754 dum
821 701 982 780 cognatus
1003 687 1082 758 hinc

122 788 218 859 Illinc
231 791 359 858 veniret
377 789 641 883 exspectantem?
658 791 747 873 haec,
768 791 813 858 mi
830 806 939 887 pater,

122 899 167 963 Te
189 894 300 965 dicere
319 919 451 988 aequum
473 895 551 982 fuit,
569 911 602 965 et
618 896 652 964 id
672 895 859 966 defendere.

122 1004 207 1071 Mrc.
227 999 416 1070 Ridiculum
432 1027 440 1067 ε
454 1001 675 1071 adversumne
688 1001 780 1071 illum
798 1027 931 1072 causam
951 1003 1110 1093 dicerem,
1149 1029 1189 1070 eso

11 1187 13 1198 ³
122 1109 186 1177 Cui
208 1129 364 1175 veneram
379 1105 579 1177 advocatus?
595 1108 652 1176 sed
665 1109 744 1203 quid
758 1110 837 1195 ista,
855 1109 1029 1198 AEschine,

122 1211 269 1283 Nostra?
282 1226 339 1281 aut
356 1212 544 1307 quidnobis
559 1238 636 1284 curn
656 1213 744 1284 illis?
756 1215 921 1285 abeamus.
940 1216 1030 1306 Quid
1041 1215 1111 1286 est?

124 1318 214 1407 Quid
227 1317 413 1388 lacrumas?
426 1321 495 1388 AEs.
511 1321 620 1407 Pater,
636 1321 794 1410 obsecro,
806 1319 963 1392 ausculta.
970 1323 1189 1395 MscAEschi·

281 1449 341 1512 ne,
361 1425 472 1495 audivi
485 1428 613 1514 omnia,
975 1422 978 1430 ’
1161 1439 1164 1444 ’

123 1532 166 1599 Et
192 1531 286 1600 scio:
314 1553 396 1600 uam
423 1545 456 1600 te
488 1555 581 1620 amo,
615 1557 681 1626 quo
714 1534 835 1626 magis,
867 1557 941 1626 quae
977 1535 1063 1628 agis,
1103 1560 1189 1628 curae

281 1651 358 1705 sunt
383 1637 474 1706 mihi.

155 1853 217 1923 675.
232 1859 336 1906 Auctor.
355 1855 411 1906 Ieu.
429 1854 491 1908 cod.
506 1868 586 1906 actor.
599 1883 634 1894 -
678 1853 771 1907 laudes
791 1851 961 1926 rependimus
981 1851 1107 1922 meritas,
1122 1867 1148 1910 et
1161 1857 1189 1910 iu

125 1933 191 1982 Cui?
205 1932 323 1986 subaud.
333 1933 434 2004 nupsit.
444 1963 480 1975 -
491 1939 586 1986 Auctor
597 1936 636 1985 Iris
678 1931 730 1984 hac
744 1933 890 2004 presertim
913 1935 1016 2000 fabulum
1034 1934 1189 2003 debuimus,

124 2013 192 2061 rebus
203 2015 259 2080 quis
281 2021 339 2063 estu²
357 2013 502 2085 Cujususm
522 2011 636 2066 auctori·
678 2022 709 2062 ut
726 2023 766 2063 est
778 2012 855 2065 uobis
866 2025 956 2083 gratus
968 2014 1086 2077 unimus,
1100 2016 1190 2068 Doue-

123 2096 173 2142 tate
186 2091 326 2144 celebrate
337 2103 399 2144 sunt
409 2091 530 2163 nuptie?
679 2103 735 2144 tum
745 2091 878 2154 acerbius,
890 2093 994 2145 etiamsi
1004 2092 1117 2164 graviter
1125 2092 1190 2146 deli-

156 2171 216 2238 676.
245 2174 294 2222 Cur
316 2173 387 2223 uteie
407 2175 538 2223 alienam?
554 2169 632 2224 Both.
678 2169 785 2242 quisset,
793 2171 1028 2225 violatumulclsei.
1037 2169 1117 2237 Quod
1127 2172 1190 2225 boni

124 2251 345 2302 continuationes
355 2249 635 2317 -Aticnum‚slterius
678 2251 712 2302 sit
726 2249 838 2318 ominis,
850 2263 876 2303 et
889 2250 953 2302 huic
967 2249 1040 2321 operi
1058 2250 1188 2320 proficiat.

122 2326 292 2381 matrimonio
301 2327 561 2382 debitam-Donati
570 2340 635 2382 nota
678 2333 828 2393 -Sedm,
852 2329 889 2384 sic
912 2326 947 2381 de
964 2329 1068 2402 virgine
1081 2328 1191 2392 dicitur,

123 2421 184 2460 est:
204 2410 328 2462 «Utrum
350 2406 459 2463 ulianam
481 2409 578 2476 filiam,
598 2429 635 2462 an
677 2427 737 2479 quae
750 2407 932 2462 conditionem
940 2424 996 2460 uon
1013 2407 1119 2479 reperit.

123 2489 525 2560 quupossitalienaessetnam
540 2507 634 2542 omues
715 2489 777 2558 677.
786 2489 889 2556 coguut.
899 2486 1073 2540 arueram.
1082 2484 1125 2539 ed.
1136 2489 1191 2538 huc.
1296 2501 1299 2508 ’

123 2566 219 2623 alienas
237 2569 308 2622 filias
326 2569 460 2623 ducunt.»
484 2570 550 2633 Quae
570 2565 636 2640 quid
679 2569 1011 2624 -Gruudem,sctate.-
1024 2567 1189 2626 Hiucllls'uc,

123 2647 271 2717 significent
283 2650 365 2720 plane
373 2668 428 2703 non
439 2648 557 2718 intelligo
566 2685 574 2712 ,
583 2645 636 2698 nisi
679 2641 878 2714 proverbialiter
889 2661 950 2713 pro,
963 2641 1093 2695 alicunde.

124 2727 220 2793 voluit,
247 2729 399 2782 uUtrum...
419 2746 454 2780 au
472 2745 532 2798 quae
554 2726 637 2797 possit
715 2725 777 2790 679.
798 2725 831 2772 Id
849 2721 995 2786 defendere,
1012 2737 1047 2772 ne
1060 2729 1189 2790 cognatus

125 2809 306 2874 cssealterius,
314 2811 399 2860 adanu
408 2804 524 2878 sponsal
538 2829 549 2851 ι
561 2805 636 2870 Qua·
680 2799 797 2871 puellam
808 2797 964 2852 abduceret.

124 2903 152 2938 re
169 2887 215 2939 hie
234 2888 303 2940 forte
322 2887 422 2940 frustra
433 2897 472 2939 est
485 2883 635 2952 Boeelerus,
716 2879 777 2932 680.
791 2881 938 2931 Ridiculum.
952 2876 1004 2930 Alii
1019 2878 1086 2930 bene
1100 2877 1190 2940 multi,

124 2964 169 3034 qui
180 2967 284 3038 lapsum
300 2977 327 3018 et
340 2965 507 3018 aberrantem
528 2981 637 3017 asensu
680 2960 793 3010 ridicule.

124 3044 255 3096 Donatum
265 3043 495 3106 vehementissime
506 3043 634 3114 increpat:
715 3039 777 3091 682.
789 3042 840 3090 Aue
847 3039 909 3103 quid
915 3039 973 3088 nob.
988 3047 1039 3087 etc.
1050 3033 1128 3086 Both.
1142 3033 1189 3088 de·

125 3121 284 3184 «ruscino,
302 3123 448 3186 exclamat,
464 3119 566 3192 aliquid
582 3121 637 3172 ine·
678 3116 715 3168 let
726 3129 779 3168 uut.
797 3145 832 3156 —-
847 3119 957 3178 Nostra,
975 3113 1035 3166 sub.
1053 3113 1191 3166 intersunt.

124 3202 192 3272 ptius
210 3184 338 3256 adnotari
350 3221 430 3274 quem
449 3200 523 3275 qurod
542 3201 570 3253 in
583 3201 637 3252 Do·
679 3198 781 3246 -Cum
796 3197 860 3258 iuis,
874 3203 932 3244 tum
947 3191 1052 3262 puella,
1068 3201 1125 3243 tum
1138 3190 1190 3242 Mi-

125 3281 241 3336 natohie
255 3279 636 3354 legimustvudeaTerenui
679 3273 755 3328 lesio.
1169 3346 1175 3360 .

125 3359 235 3414 lectione
250 3359 381 3414 arcendus
401 3359 492 3420 luerit,
515 3358 636 3430 quinon
715 3351 991 3426 683.Quidcstu²Quid
999 3347 1191 3437 herunustsrc

124 3439 208 3508 primo
218 3441 305 3492 statim
319 3438 417 3492 intuitu
427 3437 636 3499 animadvertat,
679 3431 808 3502 inquirit,
820 3427 897 3499 quasi
911 3440 1019 3496 repente
1029 3423 1192 3480 animadvor-

125 3519 181 3588 quis
193 3518 229 3572 sit
240 3537 303 3574 vere
318 3537 419 3573 seusus.
429 3543 441 3566 s
459 3519 528 3571 Bene
547 3527 636 3570 autem
679 3512 740 3565 terit
747 3510 864 3562 flentem.
875 3535 911 3548 —
920 3507 1046 3596 AEsclr'ue,
1056 3507 1193 3558 audicion-

124 3596 272 3649 etBoeclero
280 3595 347 3668 ipsi,
357 3595 635 3666 etnobisprcssertim,
680 3594 735 3644 uia.
742 3589 836 3642 Victus
849 3587 939 3639 auimo
948 3597 1043 3656 petuo,
1057 3603 1113 3637 uon
1124 3584 1191 3638 ultre

124 3675 259 3746 provisum
282 3687 321 3728 est
348 3693 364 3728 a
387 3679 466 3739 Deo,
494 3673 636 3746 quominus
680 3670 900 3739 ferrepcrsouam
914 3663 996 3718 Micio
1009 3674 1103 3734 potest.

125 3755 258 3807 arceretur
285 3773 301 3808 a
322 3755 447 3808 Terentio
476 3751 637 3807 excellentis&
716 3745 1192 3812 684.DasB01h.ussuue.·uamu

123 3833 191 3884 simu
213 3833 312 3886 Donati
333 3832 525 3904 investigatio,
555 3849 637 3903 quarn
680 3849 754 3889 amo,·
771 3847 819 3895 quo
833 3843 923 3892 mage,
940 3841 996 3889 quae
1012 3825 1082 3890 (ἰθὺ,
1096 3833 1190 3874 ⁰1⁰·-

123 3911 298 3984 siuepiaculo
315 3923 402 3966 tacere
418 3930 474 3965 uon
487 3929 635 3984 possemus.
683 3915 736 3978 Quo
745 3907 833 3974 magis,
839 3915 865 3956 et
874 3911 983 3974 propter
995 3899 1063 3954 illud
1071 3900 1136 3954 mihi
1143 3918 1191 3953 cu·

12 4003 13 4038 t
121 3989 347 4062 Ergosquamvis
360 3991 476 4044 Boeclero
498 3987 639 4059 saepissime
683 4005 720 4040 rus
735 3983 829 4056 majori
843 3991 980 4046 suut‚etc.
