2812 4788
374 401 821 472 HECYRaPROLOG.
848 405 897 472 ΙΙ.
1020 423 1024 432 ’
1112 402 1177 474 135

394 561 889 695 rnonocnsrt
972 561 1020 582 ”

111 915 230 980 Orator
251 911 370 982 advos
387 915 486 984 venio
501 929 623 984 ornatu
644 914 801 1012 Prologi:

112 1019 230 1107 Sinite,
248 1034 403 1090 exorator
418 1022 496 1108 sim,
519 1021 637 1091 eodem
656 1036 694 1090 ut
707 1021 784 1118 jure
802 1024 852 1094 uti
867 1049 979 1094 senem
1156 1061 1180 1086 ιο

111 1125 238 1212 Liceat,
259 1148 328 1220 quo
346 1126 421 1221 jure
440 1152 514 1196 sum
529 1153 609 1198 usus
623 1127 883 1216 adolescentior,

110 1232 223 1300 Novas
236 1233 293 1327 qui
310 1247 442 1302 exactas
464 1232 528 1304 feci
548 1249 587 1303 ut
601 1236 901 1325 inveterascerent,

110 1338 159 1406 Ne
179 1363 258 1407 curn
281 1341 384 1410 Poeta
407 1342 574 1436 scriptura
596 1359 819 1414 evanesceret.

663 1439 669 1469 l

143 1486 249 1560 Prolog.
263 1488 303 1543 lt.
315 1488 414 1561 Magne
427 1501 484 1544 arte
501 1491 546 1544 hic
562 1510 623 1562 pro·
667 1494 779 1554 vestitu,
790 1495 820 1548 in
832 1504 962 1566 apparatu
973 1487 1087 1565 prologi.
1099 1498 1184 1546 Prolo-

111 1566 183 1637 logus
197 1567 313 1638 scriptus
327 1579 380 1636 eet,
398 1569 477 1624 nimie
499 1569 622 1624 oratorie.
664 1593 712 1643 gus
723 1572 770 1625 hic
789 1585 829 1626 est
843 1591 900 1626 non
913 1590 1011 1638 sermo,
1024 1570 1072 1624 sed
1084 1573 1143 1634 vir;
1158 1585 1184 1624 et

111 1644 176 1698 Nam
185 1645 264 1706 toties
274 1665 398 1718 expressa
409 1647 501 1702 tabula
513 1667 624 1720 quomo·
668 1665 758 1708 ornam
770 1649 883 1723 intelligi
892 1649 1010 1704 debetde
1022 1651 1184 1706 vestimento

111 1723 144 1777 do
160 1724 274 1779 honeste
285 1727 406 1780 revocari
418 1727 506 1797 potuit
518 1729 547 1780 in
560 1748 623 1800 pro·
667 1729 799 1796 oratorio,
815 1729 838 1782 ei
856 1731 895 1782 las
908 1739 947 1782 est
960 1727 1065 1794 dicere,
1079 1743 1106 1782 et
1122 1749 1185 1783 con-

111 1805 237 1868 menium,
250 1805 303 1858 niti
314 1807 402 1878 primo
415 1806 474 1878 ipsa
487 1807 625 1880 impruden·
668 1809 786 1862 cionanti
796 1808 908 1880 proprie
915 1806 1038 1874 addicto;
1047 1809 1185 1880 quomodo

112 1884 146 1936 tia
155 1903 206 1956 pro
224 1883 324 1938 fiducia
342 1886 513 1958 proferretur,
528 1885 625 1940 deinde
668 1887 700 1941 fit
719 1888 749 1940 in
769 1905 847 1940 scena
861 1899 953 1942 nostra
966 1885 1083 1951 Gallica,
1097 1907 1183 1960 quum

111 1975 181 2016 actor
194 1963 387 2034 peritissimus,
400 1965 457 2036 ipse
469 1965 625 2028 suabinus,
668 1978 743 2020 ector
753 1967 827 2021 venit
842 1965 964 2038 quedam
985 1967 1132 2038 expositum
1150 1967 1184 2021 ad

111 2044 235 2114 probaret
245 2054 272 2096 et
284 2055 391 2118 poetam
410 2055 436 2098 et
450 2044 625 2109 comoediam,
671 2045 774 2100 fabulas
785 2045 855 2120 ipsas
872 2065 927 2108 non
942 2046 1111 2118 pertinentia.

112 2123 185 2194 cujus
207 2123 352 2176 auotoritas
369 2123 456 2194 elucet
474 2144 505 2178 ex
523 2123 627 2191 verbis,
708 2145 750 2186 ro.
765 2125 1184 2198 Exoratorsim.R.Steph.Lind.

116 2213 170 2254 turn
181 2199 282 2254 deinde
296 2201 431 2256 subtiliter
450 2221 522 2258 novo
541 2215 626 2276 poetae
669 2207 759 2263 West.
770 2227 839 2260 exer.
853 2207 941 2258 nerim.
951 2239 984 2250 -
996 2213 1131 2260 Exorator.
1139 2207 1186 2261 Est

112 2293 237 2334 aretusto
247 2293 273 2334 et
282 2299 386 2352 magum
394 2281 627 2347 auctoritatis&
669 2301 799 2352 exorator,
815 2305 901 2362 quum
916 2285 1097 2360 impetraverit
1107 2307 1115 2353 3
1127 2307 1185 2338 ora-

115 2359 183 2424 cilio,
196 2371 334 2434 peteretur
347 2363 501 2434 exemplum
515 2373 541 2416 et
554 2375 626 2434 pete·
670 2381 717 2432 tor,
729 2365 796 2420 dum
808 2366 871 2438 agit.
879 2371 944 2418 Don.
957 2385 992 2407 -ι
1004 2371 1044 2428 Ut,
1059 2366 1097 2418 ita
1110 2376 1184 2418 ut.-

112 2453 184 2492 retur
209 2439 438 2512 ingeniosissime?
464 2443 532 2496 Nam
552 2443 626 2514 quod
669 2449 761 2497 Eodem
769 2448 838 2516 jure,
848 2463 904 2517 quo
913 2447 982 2516 jure.
995 2443 1095 2498 Eadem
1109 2463 1186 2516 repe-

113 2518 172 2572 rudi
203 2519 331 2572 Terentio
349 2521 470 2593 contigit,
498 2523 627 2576 accidisse
668 2521 974 2596 titioniselegantie‚rld.
987 2523 1184 2588 858.-Senem‚

113 2609 276 2660 memoratur
296 2597 379 2652 veteri
404 2599 525 2668 Caecili03
551 2599 647 2671 qnotl,
669 2621 706 2658 sc.
720 2622 771 2656 me.

112 2675 172 2730 hnic
182 2677 212 2729 in
225 2677 282 2730 aliis
295 2697 450 2750 nunquam,
463 2678 515 2733 hoo
523 2679 561 2732 illi
571 2679 626 2732 fere
708 2699 748 2734 11.
760 2687 813 2748 Quo
818 2682 877 2748 jure
889 2700 950 2732 suem.
958 2679 1051 2732 Faern.
1059 2683 1114 2730 sim.

113 2756 381 2829 inomnibustquod
393 2757 627 2829 hnicpreeterHe·
709 2778 750 2811 η.
779 2765 993 2812 Inveteraseerent.
1019 2759 1070 2812 Ms.
1098 2776 1185 2822 unus,

112 2855 199 2908 cyrum
210 2849 236 2889 et
252 2847 317 2890 actae
330 2849 356 2889 et
369 2837 488 2910 probate
501 2848 563 2889 sunt
577 2853 627 2888 cm·
670 2851 859 2890 veterascerent.
870 2867 905 2880 —-
918 2841 1059 2908 Novasque*
1070 2852 1184 2903 exactas,

112 2928 181 2982 terre,
190 2916 230 2969 illi
243 2915 340 2988 partim
350 2927 463 2978 exacte,
472 2916 571 2990 partim
580 2915 626 2972 vix
670 2928 720 2971 etc.
728 2917 851 2989 Enallage
860 2935 1040 2990 cestrumpro,
1050 2919 1187 2990 quileciut

112 2997 237 3066 probatre.
247 2997 344 3070 Itaque
355 2996 396 3050 his
409 2997 535 3050 omnihus
550 3014 626 3068 argu·
669 3015 747 3054 noste
759 2996 895 3052 comedis
910 2998 1047 3069 (primum
1057 2997 1184 3070 quidem)

112 3075 208 3132 mentis
224 3075 254 3128 id
272 3086 361 3128 ectum
381 3086 430 3139 est,
440 3090 472 3127 ut
481 3067 568 3148 neque
581 3073 625 3128 de·
670 3089 783 3142 exacte,
802 3081 931 3147 (temen)
954 3077 1184 3132 inveterascecent.

19 3205 23 3210 .
111 3153 273 3228 sperandum
291 3153 325 3206 sit
342 3153 375 3207 de
387 3152 627 3228 Terentio,¹quod
670 3163 839 3218 -Enactas,
849 3156 977 3228 expulsas.
991 3155 1092 3208 Eodem
1106 3175 1185 3209 sensu

112 3235 231 3288 exclusus
255 3245 311 3300 est,
337 3246 363 3286 et
387 3233 561 3287 nihilominus
588 3233 626 3286 illi
671 3237 783 3290 verbum
792 3233 857 3287 illud
865 3235 1182 3305 occurrit‚And.27,vol.

70 3326 73 3330 ’
113 3325 214 3366 tantum
226 3312 410 3375 tribuendum,
420 3325 450 3366 ut
459 3327 506 3368 aut
516 3314 628 3386 parCm·
672 3318 701 3380 Ι,
718 3331 780 3388 pag.
794 3333 835 3368 21.
851 3351 883 3361 -
895 3321 1112 3368 Invetemscerent.
1126 3315 1185 3367 Hoc

113 3393 179 3454 crlio,
195 3411 296 3464 magno
310 3404 373 3446 tunc
384 3406 467 3466 poette
477 3434 485 3460 ‚
496 3407 543 3446 aut
556 3394 627 3446 ultro
672 3407 721 3459 est,
732 3405 966 3466 cognoscerentur,
974 3406 1001 3446 et
1013 3405 1076 3448 totae
1087 3405 1186 3465 specta-

114 3473 208 3525 melior
222 3473 305 3526 ctiam
323 3491 378 3526 esse
391 3473 480 3544 possit.
494 3479 559 3526 Don.
571 3475 628 3542 (ex
671 3486 774 3537 rentur,
793 3485 873 3545 atque
887 3473 954 3527 adeo
971 3475 1067 3528 fierent
1085 3485 1186 3528 veteres

113 3551 244 3606 emendat.
259 3555 370 3622 Bothii).
401 3543 403 3547 ’
672 3551 808 3606 comoediae
828 3565 853 3605 et
871 3553 966 3625 saepius
977 3564 1108 3626 spectate.
1132 3559 1185 3608 We.

147 3650 171 3700 9.
183 3639 287 3684 ornam.
297 3633 377 3685 Boecl.
388 3634 416 3686 ln
428 3634 491 3686 Mes.
504 3639 561 3686 Cum
571 3651 626 3682 orn·
673 3662 709 3672 -
719 3631 777 3686 Hoc
788 3644 878 3686 autem
888 3652 967 3688 versu
976 3633 1098 3686 innuitur
1111 3632 1186 3704 quod

114 3712 362 3766 orator.-0rat.Sic
372 3713 629 3784 precipuevocatur,
673 3710 770 3764 accidit
786 3711 865 3766 etiam
877 3712 977 3766 Caecilii
996 3713 1073 3780 (eut,
1084 3723 1114 3764 ut
1124 3712 1184 3784 qni·

114 3791 274 3862 quipublica
282 3791 412 3862 legatione
420 3790 629 3861 fungitur‚unde
674 3789 736 3842 dam
745 3791 849 3857 volunt,
861 3792 952 3853 Acilii)
973 3791 1079 3863 optimis
1088 3809 1186 3844 comte·

108 3872 171 3936 jure
184 3871 303 3939 gentium
316 3883 405 3922 orator
416 3880 454 3922 est
464 3867 627 3931 audiendum
671 3870 731 3938 diis,
743 3871 856 3924 atrides
868 3870 944 3922 infra.

113 3946 189 4014 ideo,
207 3967 242 4006 ne
261 3943 427 4022 expellatur)
447 3961 580 4000 oratorem
600 3967 628 4000 se
711 3953 749 4006 13.
764 3957 804 4004 Ne
817 3971 871 4002 carn
886 3956 978 4013 Poeta,
998 3961 1047 4004 etc.
1066 3951 1106 4004 Ne
1124 3968 1185 4003 cnm

8 4013 17 4032 χ’
113 4027 266 4098 incipiendo
276 4029 420 4100 magnifice
432 4029 564 4094 nominat,
574 4047 627 4080 non
672 4032 747 4082 obitu
758 4031 842 4102 ipsius
855 4041 938 4098 poetae
952 4029 1029 4082 etiam
1042 4049 1137 4101 poema
1146 4030 1186 4081 in·

114 4106 268 4178 prologum.
297 4139 332 4150 ·-
356 4115 450 4160 Ornata
470 4111 575 4178 Prologi.
596 4109 628 4160 In
674 4110 772 4162 teriret.
791 4113 864 4163 West.

991 4199 1040 4294 94
