2834 4788
247 287 293 357 32
483 285 655 351 PUBLII
682 284 926 350 TERENTII
955 284 1070 350 AFRl

244 425 294 489 Tu
315 389 406 511 qtiod
429 429 462 484 te
485 415 647 510 posterius
669 439 808 506 purges,
828 415 914 484 lianc
941 414 1096 514 injurium
1117 415 1198 484 mihi
1223 415 1308 484 nolle
1397 501 1398 518 ἵ

245 529 378 594 Factam
400 546 490 609 esse,
509 519 608 613 hujus
632 545 699 587 nois
722 519 859 588 facium·
877 520 984 590 Crede
1007 520 1090 608 hoc,
1113 547 1175 616 ego
1198 546 1308 590 meum
1397 523 1398 591 ζ

398 627 453 721 jus
475 649 669 721 persequar3
1398 691 1399 720 p

244 737 360 830 Neque
375 749 412 804 tn
421 733 530 802 verbis
542 730 649 800 solves
659 733 921 827 unquam,quod
936 735 1031 802 mire
1044 732 1256 802 malefeceris
1273 763 1309 802 ‚ss
1398 741 1399 805 3

245 843 333 912 Novi
352 856 415 934 ego
436 852 546 908 vestra
566 837 637 906 haec
659 864 667 903 :
690 837 852 908 «Nollem
880 839 1022 924 factum5
1035 871 1052 906 i>
1077 840 1309 932 jusjurandum

404 944 553 1028 dabitur,
572 957 610 1012 te
627 968 698 1014 esse

244 1054 424 1147 Indignum
446 1049 604 1144 indignis3
627 1049 769 1144 indignis
794 1077 896 1146 quum
919 1065 1052 1146 egomet
1071 1054 1132 1122 sim
1154 1067 1310 1147 acceptus

247 1156 253 1161 ’
375 1185 378 1194 ·
403 1155 519 1226 modis.

246 1268 311 1336 AEs.
333 1264 396 1332 Abi
419 1288 488 1358 prae
510 1276 662 1349 strenue,
681 1287 720 1330 ac
745 1263 832 1332 fores
855 1266 956 1358 uperi.
978 1267 1034 1334 Su.
1057 1269 1224 1337 Ceterum
1244 1265 1311 1334 hoc

402 1367 448 1436 nil
471 1367 580 1437 facies.

289 1555 355 1608 163.
365 1555 389 1605 Τ
388 1572 404 1604 u
413 1551 509 1623 quodue
516 1553 643 1620 posterius.
652 1551 755 1603 Volunt
844 1555 907 1606 166.
929 1554 1017 1604 Vestra
1031 1555 1090 1606 lioec.
1106 1555 1166 1608 Par.
1184 1553 1235 1608 Mc.
1251 1559 1312 1625 jura

247 1633 355 1706 quidem
379 1631 590 1702 interpoletum‚
617 1642 666 1681 tum
691 1630 758 1701 qnod
799 1631 1109 1702 lmu-Ncu'egooestra
1122 1635 1184 1695 lioec,
1200 1653 1237 1688 sc.
1252 1653 1312 1706 que

248 1729 277 1766 te.
296 1713 373 1766 Both.
385 1709 506 1774 ordinet,
518 1709 581 1761 nolle
594 1712 626 1760 mi
639 1710 701 1762 lanc
717 1713 755 1762 in·
798 1712 910 1781 juvenes
923 1713 1010 1766 facere
1024 1714 1108 1766 solent
1118 1714 1146 1766 in
1158 1714 1205 1766 teli
1220 1733 1313 1767 recum

242 1797 389 1864 juriani.—-
403 1792 442 1842 Tu
453 1789 518 1861 quod
528 1793 691 1859 apostoticae,
703 1803 755 1844 etc.
798 1790 919 1844 articulo.
936 1792 971 1844 Et
989 1793 1179 1846 convenienter
1198 1793 1252 1846 hoc
1271 1793 1313 1846 di·

248 1872 333 1924 Nihili
349 1869 445 1922 ducam
467 1870 663 1922 excusationem
678 1907 687 1932 ,
708 1887 757 1938 per
799 1883 871 1922 ctum
882 1889 890 1932 3
903 1889 987 1941 quum
998 1890 1103 1943 comper
1113 1885 1233 1926 versetur
1244 1874 1313 1926 inter

248 1969 328 2024 qnam
338 1962 364 2000 te
376 1964 491 2020 purgare
502 1960 592 2018 postea
604 1948 757 2011 conaberis,
800 1951 909 2020 juvenes
920 1951 992 2002 leno.

248 2027 365 2082 dicendo
380 2044 476 2096 nempe
491 2038 516 2078 te
532 2026 647 2078 noluisse
665 2027 756 2098 inique
844 2033 907 2097 167.
922 2030 1052 2098 Indignum
1071 2031 1185 2100 indiguis.
1202 2032 1247 2084 sie
1262 2050 1311 2084 nos

249 2127 310 2180 erga
321 2127 380 2164 me,
391 2107 527 2169 lenonem,
538 2123 630 2175 egere3
642 2105 757 2158 dicendo
800 2121 860 2178 post
875 2109 970 2162 Peslct.
986 2128 1019 2161 ex
1035 2112 1113 2164 Both.
1121 2112 1242 2182 Uterque
1255 2111 1313 2164 vnl-

249 2202 274 2240 te
288 2189 325 2241 sic
339 2187 435 2257 egisse,
452 2182 613 2236 conditionis
634 2203 698 2238 meae
715 2185 757 2236 in-
800 2205 887 2256 gnrem
899 2188 1038 2241 lectionem
1050 2193 1139 2261 injuria
1149 2192 1204 2250 tac,
1215 2191 1314 2246 heben-

250 2268 342 2322 scinm.
353 2265 411 2318 Hoc
425 2282 521 2334 nempe
535 2282 549 2315 e
561 2263 672 2316 solemni
686 2263 757 2317 setis·
801 2265 862 2318 dam
872 2285 926 2320 esse
932 2267 1033 2338 judicet
1041 2272 1179 2341 proglcssc
1191 2272 1265 2322 vocis
1277 2274 1313 2322 iu-

250 2345 372 2400 fectionis
380 2361 455 2398 more
464 2341 537 2414 apud
548 2344 698 2396 Romanos:
711 2341 758 2396 ubi
801 2346 884 2414 digni,
899 2365 914 2398 u
926 2347 1005 2400 simili
1022 2363 1147 2420 sequente
1159 2350 1215 2402 sine
1228 2349 1313 2402 dubio

248 2423 421 2498 jurejurando
436 2423 593 2492 agnoscebat
606 2423 686 2492 quis,
712 2423 757 2476 in·
800 2425 1103 2498 nbsorptee3praesertim
1118 2447 1202 2500 quum
1215 2431 1312 2482 Donat.

249 2505 331 2578 digno
358 2523 384 2558 se
408 2502 596 2556 contumelium
622 2501 758 2568 intulisse,
802 2505 904 2557 comice
916 2505 1044 2576 scriptum
1056 2521 1163 2560 moueat
1173 2509 1314 2578 indiguum,
1388 2571 1390 2578 y

170 2646 174 2652 .
249 2599 277 2639 et
292 2585 363 2638 nolle
380 2583 487 2662 factum.
802 2583 1312 2658 indignis.-·Teesceiudignumindiguis.

295 2668 359 2728 164.
381 2663 462 2732 Hujus
484 2681 531 2714 uon
552 2662 654 2728 socium.
680 2659 759 2714 Bodl.
802 2663 964 2734 Indignum.
975 2685 998 2718 e.
1010 2685 1066 2718 non
1075 2665 1181 2736 dignus.
1193 2668 1313 2738 Indignis.

251 2747 320 2814 lnjiu
337 2762 384 2812 ego
398 2760 446 2793 nou
455 2742 481 2806 s.
506 2771 546 2780 —-
562 2739 613 2794 Ed.
628 2743 716 2794 Anon.
734 2755 760 2795 et
803 2761 838 2797 sc.
850 2746 938 2798 rebus.
950 2747 1058 2816 Indigna
1068 2759 1156 2798 entem
1170 2747 1311 2807 habentur,

249 2823 292 2876 ed.
309 2824 388 2874 Tem.
409 2819 499 2880 crede,
523 2820 619 2872 omisso
646 2821 698 2872 lace.
721 2851 759 2860 —
802 2831 863 2894 quc‘c
874 2825 903 2875 in
916 2825 1041 2891 liberum,
1054 2839 1099 2878 aut
1108 2827 1250 2878 honestum
1262 2827 1313 2880 ho·

250 2902 376 2970 *Hujm
385 2917 433 2951 non
435 2899 538 2963 faciam.
547 2897 624 2950 Parvi
635 2897 759 2967 pendam.
804 2903 903 2954 minem
919 2902 1029 2956 minime
1047 2905 1151 2958 cadunt.
1168 2907 1260 2958 Pwlst.
1273 2935 1311 2948 -

249 2983 309 3034 Hoc
325 2991 431 3038 autem,
447 2977 529 3047 husius,
546 2975 658 3041 dicitur,
671 2991 759 3030 osten·
804 2974 938 3051 deceptus,
951 2995 1083 3038 tractatus.

249 3057 339 3120 dendo
353 3056 483 3120 floccum,
499 3069 543 3108 ent
562 3057 703 3126 stipulam,
717 3058 760 3109 vel
817 3109 818 3114 ,
847 3061 910 3113 168.
930 3061 983 3114 Aba·
996 3083 1051 3133 pre
1066 3077 1168 3116 strenue.
1188 3063 1231 3116 Ad
1247 3065 1312 3116 Per·

249 3134 495 3191 inserendodentes
513 3136 658 3188 anteriores
675 3137 760 3206 ungui
803 3157 945 3192 menonem
956 3159 1043 3195 sermo
1055 3157 1108 3208 est3
1120 3157 1147 3196 et
1158 3144 1314 3215 agnoscitur
1399 3149 1400 3164 ¹

221 3209 223 3218 ⁴
248 3230 366 3271 extremo
379 3215 495 3286 pollicis,
513 3234 628 3284 eumque
642 3234 703 3268 cum
716 3221 759 3268 so·
803 3235 898 3288 magna
908 3222 1070 3294 contemptio
1087 3223 1219 3275 minarum
1236 3224 1312 3276 leno·

247 3299 306 3350 nitu
323 3293 500 3363 retrahendo,
518 3295 561 3348 vel
582 3295 706 3364 pollicem
721 3313 760 3348 ‚ac
803 3297 858 3363 nis,
870 3317 926 3351 non
933 3300 1099 3371 respondisse
1111 3303 1268 3355 AEschiuum
1276 3302 1313 3356 cd

248 3376 370 3446 medium
379 3373 529 3444 digitumin
541 3375 658 3427 saltuum
670 3375 760 3445 explo-
803 3393 834 3430 en
854 3396 912 3449 que
933 3378 1043 3434 dixerut.
1064 3382 1100 3436 D.
1117 3412 1159 3425 -
1178 3382 1233 3434 Abi·
1247 3401 1312 3451 prce.

156 3481 161 3490 =
247 3454 347 3508 dendo.
361 3455 460 3508 Jussue.
471 3453 601 3506 -Meum
609 3456 659 3523 jus.
669 3453 760 3508 Actio·
804 3457 857 3508 Aut
875 3457 916 3509 abi
926 3463 1004 3529 prior,
1020 3475 1066 3514 cut
1082 3465 1162 3530 proei,
1184 3474 1250 3524 aut,
1270 3463 1314 3512 ahi

248 3554 310 3588 nem
321 3553 379 3605 qnae
390 3532 458 3586 milti
467 3533 603 3604 competit.
800 3549 957 3608 prostremo.
972 3540 1118 3609 Triplicem
1131 3559 1231 3612 nempe
1247 3559 1313 3610 pro-

291 3616 355 3667 165.
390 3611 549 3678 Malefhceris.
590 3612 644 3666 len.
674 3614 758 3682 malofi
795 3617 881 3686 ¹pouit
899 3637 1005 3672 sensum
1019 3621 1146 3672 Donatus.
1164 3653 1202 3662 -
1216 3621 1312 3682 Fores,

246 3711 397 3764 pespcrem.
410 3691 477 3742 Perl.
488 3721 528 3732 —-
540 3691 623 3762 Neque
635 3713 755 3764 uinquam,
801 3696 924 3752 Minionis
933 3699 1024 3768 putris.
1035 3727 1075 3742 ι·-
1088 3700 1216 3752 Ceterum.
1227 3701 1313 3763 Quasi

244 3793 295 3843 pro
310 3792 367 3824 uon.
380 3799 422 3810 -·
439 3770 539 3834 Verbis,
552 3771 623 3822 inani
646 3789 756 3826 excusa·
801 3773 918 3843 diceret,
940 3779 1058 3849 quidquid
1078 3783 1178 3832 coneris.
1197 3811 1237 3820 --
1255 3780 1313 3830 Hoc

243 3852 324 3904 tione.
340 3881 372 3904 ·.-
393 3851 442 3914 Re,
456 3850 539 3915 fectc;
557 3850 702 3921 opponitur
719 3859 755 3921 τῷ
800 3855 922 3922 uilfaeis.
934 3856 1045 3910 Frustra
1057 3857 1085 3910 id
1101 3859 1215 3912 conaris.
1228 3858 1312 3912 Obsi-

244 3931 332 3982 verbis.
800 3933 927 3988 stitenim
944 3935 1021 4000 leno,
1039 3951 1068 3990 ut
1082 3957 1160 4004 mox,
1173 3957 1211 3990 vs.
1230 3957 1270 4008 sq.
1285 3951 1313 3989 ct
