2834 4788
362 352 589 419 ADELPH.
609 333 724 418 'Aen
751 355 784 438 1,
807 353 872 420 sc.
904 356 929 420 1.
1137 357 1180 424 13

111 484 246 566 Parare,
268 482 358 575 quod
379 484 422 549 sit
443 484 569 568 carius,
586 507 686 577 quam
710 486 780 578 ipse
799 498 849 552 est
868 484 948 554 sibi?

109 591 210 682 Atqui
227 613 267 656 ex
284 613 339 656 me
353 587 408 655 hic
424 614 493 656 non
508 604 605 657 natus
620 604 689 674 est,
704 589 761 658 sed
779 615 819 656 ex
837 589 949 659 fratre.
969 586 1002 660 ls
1020 592 1102 660 adeo
1157 624 1183 667 u,

110 695 286 763 Dissimilis
308 693 417 762 studio
436 709 502 780 est,
516 696 585 788 jam
607 695 683 762 inde
699 696 742 763 ab
761 694 994 765 adolescentia.
1099 725 1103 734 ’

108 804 183 894 Ego
203 801 291 869 hanc
312 799 510 869 clementem
533 803 632 870 vitam
654 801 835 888 urbanam,
862 817 961 897 atque
981 807 1085 874 otium

109 900 248 976 secutus
266 931 358 990 sum,
373 921 406 975 et
425 907 515 1000 quod
534 907 739 977 fortunatum
758 909 810 980 isti
826 923 964 1003 putant,
1087 913 1090 918 ’

267 1085 274 1112 b

110 1133 183 1204 Lips.
200 1121 226 1185 et
239 1132 281 1186 ed.
294 1133 374 1206 prim.
388 1133 489 1188 babent
500 1137 623 1186 instituere
665 1137 726 1188 adeo
740 1136 867 1189 nobilem.
881 1161 891 1183 ι
906 1137 999 1189 Donat.
1009 1128 1085 1205 (Vid.
1094 1139 1146 1192 vol.
1159 1142 1180 1200 1,

110 1218 135 1265 in
155 1217 241 1266 ununo.
274 1245 309 1260 ,-
331 1213 443 1285 Aliquid.
469 1215 621 1266 Memhrum
665 1234 724 1286 pag.
745 1211 824 1277 253.)

110 1291 276 1364 aliquod.·-
288 1293 360 1344 Vult!
370 1311 538 1364 quemquamne
550 1295 623 1346 isonti·
706 1302 751 1358 41.
772 1296 903 1347 Dissimilis
922 1297 986 1350 stud.
1008 1297 1051 1351 sic
1073 1299 1180 1351 Veterr.

108 1392 161 1424 nem
174 1377 199 1424 itt
212 1376 315 1424 animum
328 1375 457 1424 instituere.
468 1373 548 1426 llicce
562 1373 622 1426 infi·
666 1373 727 1428 cod.
738 1375 815 1428 Bent.
826 1376 860 1426 In
871 1374 928 1428 aliis
939 1376 994 1428 Mes
1006 1389 1033 1430 et
1045 1375 1108 1430 edd·
1124 1378 1184 1430 Dis-

108 1453 208 1505 nitivus
220 1452 287 1504 nibil
302 1452 410 1504 habeta
427 1471 481 1524 quo
494 1450 622 1523 pendeat;
665 1455 746 1509 simili.
760 1454 832 1526 Gay.
847 1454 919 1507 bunc
929 1473 1051 1520 versum,
1067 1470 1098 1509 ut
1113 1475 1182 1528 sepe

108 1530 153 1584 sed
167 1532 203 1582 sic
212 1531 323 1584 Veteres
335 1531 472 1584 infinitivo
484 1532 522 1586 uti
536 1533 623 1584 solent
665 1534 747 1597 alios,
761 1529 860 1586 delevit
872 1534 1017 1586 immerito.
1028 1536 1133 1587 -Jam
1145 1541 1182 1588 in·

107 1613 135 1663 in
152 1609 375 1664 admirationibus
387 1623 414 1664 et
428 1609 623 1682 indignationi·
664 1613 695 1664 de
707 1612 739 1664 ab
761 1611 863 1666 adolere.
885 1613 942 1665 Ien.
964 1614 1058 1667 collon.
1076 1618 1129 1683 jam
1149 1616 1180 1666 ab

106 1691 170 1754 bus,
184 1689 422 1760 subintelligentes,
437 1691 571 1742 mirandum
579 1703 623 1759 est,
665 1693 769 1744 adolere.
786 1691 969 1761 Caoopbonia.
984 1693 1051 1746 Perl.
1066 1725 1106 1736 --
1120 1694 1181 1746 Dis-

105 1783 142 1821 art
152 1769 273 1823 credibile.
285 1770 448 1822 Ruhnkhen.
458 1799 499 1810 -
506 1771 537 1824 In
548 1775 621 1825 anun.
664 1774 749 1824 similis
757 1773 847 1823 studio.
858 1771 997 1824 Dissimilis
1006 1771 1034 1824 in
1044 1773 1181 1827 instituen-

107 1854 183 1902 iustt't.
197 1861 242 1901 aut
249 1869 348 1920 parare.
371 1848 504 1903 particula
518 1863 562 1902 aut
571 1849 624 1904 dis·
665 1851 700 1904 da
711 1852 775 1905 vita.

102 1921 239 1994 junctiva,
259 1929 357 1981 indicat
375 1926 440 1982 duas
457 1948 499 1982 res
514 1930 558 1984 hio
580 1932 623 1999 agi
706 1937 751 1998 4²·
770 1925 852 1982 Vitam
872 1930 988 1984 undenam
1006 1945 1078 2003 atque
1096 1937 1182 1986 otium·

106 2007 238 2072 diversam
248 2008 490 2062 soilioetiuanimum
505 2013 619 2071 instituit,
665 2009 737 2062 Vide
752 2029 786 2063 an
799 2009 941 2081 legendum
956 2013 1002 2076 sit,
1016 2016 1095 2065 uuam
1108 2013 1182 2065 urla-

106 2090 156 2159 qui
195 2087 285 2140 sedem
316 2087 477 2140 amicissimo
516 2088 621 2143 cuidam
665 2109 765 2162 numque
781 2093 863 2143 otium.
880 2090 937 2144 Cio.
956 2092 1006 2162 Ep.
1030 2092 1094 2144 Fam
1110 2094 1182 2161 Xll,

106 2187 157 2220 suo
170 2181 256 2220 servat
270 2168 297 2218 in
312 2179 434 2238 pectore;
445 2181 521 2238 parat
534 2181 621 2221 nutem
669 2187 680 2220 r
695 2187 702 2222 :
723 2196 734 2216 «
746 2171 783 2222 Ut
796 2189 845 2240 ego
854 2169 962 2240 quidem
974 2184 1001 2224 et
1014 2171 1076 2224 urbi
1089 2185 1115 2224 et
1125 2173 1182 2226 otio

105 2249 155 2318 qui
171 2248 251 2310 eruit,
269 2259 299 2298 ut
321 2245 356 2298 ita
374 2243 476 2312 dicam,
498 2261 524 2300 et
542 2249 622 2301 sumit
664 2247 816 2312 diffiderem
832 2250 970 2302 urbano.»
983 2281 1023 2294 --
1040 2252 1113 2302 Hane
1132 2253 1180 2304 ale-

105 2326 232 2392 aliunde;
251 2343 341 2397 ,quum
362 2324 389 2376 in
412 2324 570 2396 adoptione,
587 2327 621 2380 de
655 2341 763 2400 *mentem
773 2329 1178 2384 nitamur-hanam.Hunccomem

104 2425 156 2478 qua
179 2407 224 2458 hio
250 2423 358 2468 sermo,
378 2423 461 2475 genus
486 2405 621 2477 quoddam
665 2409 732 2480 elegi
752 2409 847 2473 vitam,
866 2409 997 2464 urbanam
1011 2423 1090 2481 atque
1111 2424 1182 2464 tran·

104 2485 252 2558 emptionis
265 2483 450 2540 intercederet.
665 2489 783 2560 quillam.
800 2489 908 2540 Clemens
917 2490 989 2542 euim
998 2489 1043 2542 hic
1056 2487 1128 2542 idem
1142 2509 1183 2544 so·

147 2565 196 2635 39.
222 2565 323 2616 Parare·
338 2563 458 2636 Guyetus
475 2567 502 2618 in
515 2566 622 2618 scholiis
665 2565 920 2638 natquodpluoidus,
930 2573 1031 2638 quietus.
1045 2568 1181 2624 SicPlaut.

104 2646 172 2698 Mes.
186 2647 291 2708 Parere,
304 2641 332 2696 id
342 2656 382 2696 est
390 2645 481 2698 τίκτειν
492 2643 621 2698 defendit.
666 2648 750 2700 Stich.
762 2648 814 2710 IV,
828 2667 852 2699 ι.
862 2645 1000 2700 «Hodiene
1009 2667 1183 2702 exoneramus

104 2729 159 2777 Dat
175 2724 289 2777 Rotbius
303 2743 310 2776 ι
323 2743 394 2796 quatu
416 2728 480 2793 ipsus
501 2725 565 2776 ribi!
582 2725 623 2776 Ac
664 2745 776 2789 navem,
791 2727 879 2777 irater.
892 2726 938 2778 Pi.
948 2727 1082 2778 Clementer
1090 2728 1178 2779 uolo..

103 2805 167 2858 Non
176 2824 249 2856 eume
257 2805 442 2869 natus‚sratris
451 2805 489 2856 tic
500 2816 543 2855 est.
551 2804 623 2855 Adeo
666 2805 757 2856 Minus
768 2817 857 2856 autem
865 2807 1037 2875 probaremus
1046 2807 1180 2860 Donatum
1272 2851 1281 2864 κ

103 2888 127 2934 is
144 2897 182 2936 est
196 2884 328 2935 Dissimilis
342 2883 578 2936 teramnanae
592 2884 623 2934 ab
666 2885 844 2954 explicantem
855 2889 908 2935 oita
921 2886 1037 2950 ahmans,
1053 2905 1112 2958 quta
1128 2887 1182 2940 cle·

101 2965 269 3016 adouscmsu
282 2964 354 3032 Ego,
368 2975 417 3016 etc.
666 2977 768 3017 mentes
777 2963 893 3017 facit-
905 2964 998 3018 Otium.
1010 2965 1128 3019 Subaudi
1138 2967 1184 3020 bio

147 3052 193 3107 40.
208 3044 295 3114 Atqui.
316 3043 347 3093 L.
374 3043 466 3096 Bemh,
487 3055 567 3113 atque.
584 3073 624 3084 -··
668 3045 747 3096 etiam
760 3045 886 3096 urbanum.

102 3125 157 3174 Hic
170 3142 220 3177 nou
236 3135 307 3173 natur
322 3133 367 3175 est.
384 3121 486 3174 [nattis
500 3123 539 3174 liic
554 3135 624 3177 natur
709 3131 724 3186 4
729 3125 755 3176 3.
768 3123 843 3192 Quod
850 3127 965 3190 sartum,
980 3137 1029 3178 etc.
1042 3125 1133 3178 Guelf·
1149 3145 1183 3190 a,

101 3223 154 3274 nou
163 3215 208 3254 est.
220 3234 260 3244 -
269 3202 355 3274 Atqui.
368 3201 430 3254 llaec
439 3201 569 3271 particula
579 3202 625 3252 ob·
669 3223 715 3274 quo
737 3239 742 3250 ·
756 3237 762 3249 ·
777 3235 783 3250 ·
799 3204 960 3269 fortunatum.
976 3204 1097 3276 Guyetus
1117 3224 1183 3260 eon·

99 3282 218 3352 jectioni
231 3281 349 3334 inservit.
361 3288 397 3334 Ex
420 3298 462 3332 me
478 3299 532 3334 non
548 3294 624 3333 natus
667 3283 731 3352 jecit
742 3283 932 3348 insortutmtum
947 3283 1050 3356 inepte,
1068 3296 1098 3336 ut
1110 3297 1185 3355 putat

101 3375 160 3425 est,
182 3359 237 3414 non
257 3379 332 3414 meus
352 3373 398 3414 est.
421 3361 502 3425 Quasi
524 3359 595 3414 dicut
619 3378 625 3411 :
669 3358 729 3432 lup.
744 3361 903 3416 edit—Et
912 3363 978 3434 quod
982 3371 1134 3429 fortunatum
1145 3368 1186 3415 isti

100 3461 141 3492 ex
155 3459 266 3493 menon
280 3454 335 3499 est,
348 3453 374 3492 et
384 3440 419 3492 sio
429 3439 547 3505 officinm
559 3437 625 3511 quid
667 3453 869 3511 putant,urorrm
878 3461 962 3514 nunu,
972 3455 1020 3496 eto.
1029 3444 1063 3495 Et
1072 3443 1111 3496 tui
1121 3461 1188 3496 sem·

101 3533 221 3590 paterer,
231 3521 252 3572 si
259 3519 424 3592 genuissem?
436 3521 570 3572 Donat-
577 3518 628 3571 Sed
670 3539 719 3590 per
731 3521 838 3586 celebs,
858 3519 930 3592 quod
951 3520 1060 3593 quidem
1079 3522 1122 3576 isti
1135 3523 1185 3575 ho-

100 3621 135 3651 ιι
149 3602 240 3665 fratre.
254 3600 280 3651 Is
298 3599 373 3662 adeo,
389 3611 438 3653 etc.
458 3601 558 3671 Argute
569 3599 626 3652 haec
670 3601 770 3662 mines,
783 3601 829 3671 qni
844 3602 966 3656 habitant
980 3619 1083 3656 mecum
1099 3603 1127 3654 in
1140 3598 1202 3654 ur-'

100 3680 255 3750 finguntur,
271 3697 333 3731 narn
348 3695 396 3749 per
409 3679 625 3750 conjunctionem
670 3681 719 3744 be,
744 3693 840 3751 putant
859 3699 914 3735 esse
940 3680 1131 3734 felicissimum.
1148 3706 1186 3714 -

101 3758 321 3811 transitumlaoit
338 3757 372 3810 ad
391 3759 626 3812 narrationem.-
670 3759 756 3814 Eaeat
767 3772 851 3814 textus
861 3760 1017 3832 ambiguitas
1026 3779 1085 3832 quse
1096 3762 1186 3833 plures

100 3841 148 3899 Is,
172 3840 271 3890 Demea
295 3838 384 3890 irater.
411 3869 451 3879 κ·-
472 3839 557 3902 Adeo,
583 3851 627 3890 aut
671 3837 706 3892 ad
715 3836 744 3891 id
757 3840 865 3910 impulit
876 3854 906 3894 ut
914 3839 1112 3909 intelligerent:
1130 3841 1188 3892 «Et

98 3916 244 3981 abundat,
262 3930 305 3969 aut
323 3921 419 3970 nimium
437 3919 582 3987 significan
597 3929 629 3968 ut
674 3937 813 3990 nunquam
837 3919 900 3972 duxi
915 3931 1026 3972 uxorem
1036 3959 1044 3985 ,
1066 3921 1188 3992 quamvis

100 3999 132 4050 in
156 3997 290 4062 Eunucb,
309 4005 372 4060 aot.
400 3997 629 4050 «Adolescentem
675 3998 716 4050 isti
726 3991 785 4068 (per
795 4011 980 4070 contemptum
990 4000 1063 4071 quasi
1074 3998 1189 4063 (lictum)
