2812 4788
336 286 555 356 ADELPH.
583 289 692 356 ACT.
715 289 757 371 V,
782 287 851 356 SC.
873 291 940 358 lt.
1103 315 1164 362 111

107 422 190 488 Tam
205 431 377 488 excoctam
391 417 527 490 reddam
542 433 641 513 atque
656 433 781 506 atram,
794 443 894 512 quam
907 419 1007 492 carbo
1021 424 1169 499 ’st'Mtu

270 523 389 594 Placet.

107 632 207 700 Nune
227 631 308 700 mihi
323 630 435 698 videre
449 654 582 724 sapere:
599 643 696 724 atque
710 630 861 724 equidem
874 629 979 700 filium
1124 724 1131 730 ἡ

108 739 194 804 Tum
209 737 324 823 edam,
339 737 364 806 si
382 734 480 824 nolit,
498 749 633 830 cogam,
653 750 691 804 ut
703 760 780 806 cum
801 735 855 805 illa
873 761 938 806 una
958 739 1065 810 cubet.
1134 766 1172 806 sss

109 845 206 911 Dru.
223 839 390 911 Derides?
410 841 616 926 fortunatus,
631 844 688 936 qui
702 844 765 911 isto
784 843 894 912 animo
916 844 997 933 sies3

108 951 181 1043 Ego
201 949 319 1018 sentio.
333 951 417 1018 Mic.
433 948 505 1034 Ah,
526 938 698 1042 pergisne?
719 951 816 1018 Dru.
829 952 903 1018 Jam
915 949 983 1043 jam
996 951 1119 1024 desino.

109 1057 195 1123 Mtc.
210 1057 316 1148 largo
327 1056 415 1123 intro
425 1080 435 1142 3
444 1069 477 1123 et
488 1055 541 1123 cui
557 1056 603 1122 rei
616 1068 679 1140 est,
691 1056 722 1122 ei
735 1056 782 1122 rei
793 1055 883 1124 hunc
895 1081 1063 1128 sumamus
1075 1058 1171 1129 diem.

364 1196 586 1310 senua
625 1221 925 1334 Quaeri.

525 1398 735 1465 DEMEA.
770 1461 776 1472 .

112 1519 298 1650 Nunquam⁴
310 1554 355 1622 ita
372 1553 546 1646 quisquam
566 1527 652 1622 liene
676 1551 838 1624 subducta
860 1556 986 1624 rationo
1008 1554 1051 1624 ad
1072 1559 1193 1628 vitam.

270 1659 349 1746 fuit,

147 1803 208 1856 853.
225 1807 304 1868 Quam
321 1805 434 1854 corbo'sr.
445 1800 506 1854 Par.
518 1819 543 1870 p.
560 1817 617 1853 var.
663 1799 754 1855 titione
770 1800 899 1867 nominis,
914 1801 974 1856 vids
992 1801 1081 1860 sanct.
1103 1805 1170 1862 uin.

115 1902 186 1950 quom
197 1885 347 1942 carbonem,
365 1899 419 1936 non
428 1890 508 1932 recte.
520 1909 555 1920 -
565 1884 620 1930 Esc-
663 1881 691 1932 ΙΙ
700 1920 707 1946 ,
715 1898 739 1948 9.
754 1885 819 1932 Pcrl.
826 1882 897 1932 —Ei
907 1884 951 1954 rei,
962 1883 1062 1956 nuptiis
1073 1887 1173 1940 AEschi.

113 1976 213 2024 coccam,
226 1971 330 2014 tostam.
347 1990 382 2000 -
398 1963 493 2022 Placet,
509 1957 538 2010 id
556 1958 620 2010 milri
663 1959 876 2013 nifaciendis.-
886 1966 1024 2028 Sumamus,
1037 1983 1173 2022 consuma-

113 2039 262 2110 jucundum
277 2051 325 2090 est.
663 2057 733 2102 mus,
742 2040 920 2094 absumamus.

148 2119 208 2184 854.
224 2123 308 2170 Nunc.
322 2117 375 2170 Un.
388 2117 452 2170 Mas.
467 2117 535 2172 Pall.
547 2133 620 2186 cunc,
699 2119 740 2172 Sc.
751 2120 800 2170 1v.
816 2121 857 2172 Ab
871 2121 921 2174 hac
934 2139 1013 2174 acerra
1023 2121 1175 2179 Schmieder

114 2217 263 2270 perperam.
276 2227 312 2240 —-
328 2202 408 2264 Atque
424 2199 545 2264 equidem.
560 2197 622 2254 Hac
663 2198 757 2270 incipit
769 2198 879 2266 mama,
899 2199 971 2272 quod
988 2202 1173 2258 secundarium

115 2291 140 2331 et
152 2300 211 2352 quae
224 2277 412 2351 sequuntur&
423 2279 457 2330 G.
473 2297 509 2330 m.
524 2291 551 2330 et
561 2279 621 2335 Hal.
665 2279 792 2349 appellat,
809 2277 854 2330 ubi
865 2277 967 2350 agendo
975 2277 1127 2334 ostendatur
1136 2283 1175 2334 ni-

115 2361 218 2412 Demeae
228 2357 361 2422 dant‚sed
371 2358 457 2410 ceteri
471 2377 561 2411 omnes
571 2379 625 2413 me·
665 2357 705 2408 hil
714 2356 816 2408 homini
824 2357 917 2410 melius
928 2375 996 2422 esse,
1008 2377 1088 2430 quam
1096 2361 1175 2414 facili·

115 2436 439 2496 liusMioioni.-Filium.
451 2435 532 2488 Pauci
543 2436 620 2490 codd.
666 2447 748 2488 tatem
764 2435 806 2487 vel
824 2435 974 2488 comitatem
992 2453 1104 2490 morum.
1114 2440 1173 2498 ‘sed

117 2531 189 2570 tuum.
203 2547 240 2556 —-
258 2519 356 2578 Videre,
371 2534 421 2586 pro
431 2517 533 2568 videris.
665 2533 720 2586 quo
729 2517 788 2587 jure
805 2513 900 2565 illevit
913 2531 946 2566 ex
958 2527 1031 2584 parte
1042 2517 1176 2572 comoedica

150 2594 211 2650 85⁵.
236 2599 336 2664 Cogam.
358 2595 418 2647 Lib.
437 2595 519 2666 antiq.
539 2613 623 2664 cogas.
667 2593 745 2644 iaciat
757 2591 914 2644 comoediam
925 2593 1006 2644 veluti
1015 2607 1175 2666 separatam,

118 2707 150 2716 -
182 2682 243 2726 Tum
268 2678 354 2737 ctiam,
376 2692 460 2744 quum
490 2673 624 2743 psaltriam
668 2671 790 2744 equidem
810 2671 855 2722 vix
874 2670 939 2722 scio.
959 2675 1047 2724 Perlet.
1066 2703 1101 2712 -
1126 2677 1177 2728 De.

118 2754 237 2806 effeceris
244 2754 334 2806 talem.
350 2754 421 2802 -Si
433 2753 502 2814 nolit,
515 2752 626 2806 etiamsi
669 2769 725 2802 mea
749 2749 845 2824 caepit,
866 2767 1015 2820 perpenso,
1033 2751 1112 2822 quod„
1122 2753 1175 2808 vita

117 2845 215 2886 renuat.
670 2829 756 2883 fratris
774 2831 807 2882 sit
820 2827 878 2880 laeta
898 2846 929 2880 ao
950 2830 1053 2890 suavis,
1075 2845 1178 2888 mutare

151 2912 212 2966 856.
224 2918 282 2965 Isto.
293 2911 352 2964 Lib.
362 2911 444 2982 antiq.
462 2915 629 2964 isson—Dc·
669 2929 746 2964 suam
765 2909 869 2962 tristem
890 2921 916 2961 et
938 2927 1131 2977 aerumnosam3
1151 2928 1177 2968 et

119 2994 180 3042 rides
191 3001 205 3042 ι’
217 2991 281 3044 Haec
294 2990 401 3052 dicens,
414 3009 457 3042 me
470 2989 580 3044 deludis.
593 3023 628 3032 -
671 2989 732 3061 quia
742 3008 771 3042 re
784 2991 852 3042 bene
862 2987 1025 3042 considerata
1035 2993 1176 3048 necessita.

120 3077 281 3137 Formantur,
303 3071 397 3141 supple
418 3091 452 3123 cs.
467 3099 502 3112 -
519 3075 565 3138 Qui
582 3075 629 3124 isto
670 3081 725 3122 tem
737 3067 889 3121 mutationis
905 3068 955 3119 sibi
967 3069 1116 3138 invenerit,
1128 3073 1179 3125 Te-

120 3153 199 3200 onimo
209 3153 268 3200 sies.
282 3149 366 3214 Quasi
376 3149 488 3210 diceret,
500 3151 631 3228 quimiso·
671 3147 842 3201 rentiusinde
851 3147 982 3199 acrimine
990 3167 1064 3202 novae
1073 3168 1193 3204 couver-x

120 3228 214 3282 riarum
224 3244 331 3280 sensum
342 3227 466 3302 abjecisti.
674 3227 752 3280 sionis
775 3229 880 3280 Demeae
910 3225 987 3278 facile
1020 3225 1179 3282 defenditur.

154 3307 212 3361 858.
247 3307 292 3358 cot
310 3309 355 3356 rei.
376 3307 429 3358 Alii
449 3305 551 3360 addunt
571 3327 630 3376 opus
674 3306 807 3360 Hactenus
823 3304 1180 3379 autemiracundiaetaegri·

121 3399 164 3440 est.
184 3415 218 3426 -
232 3387 266 3435 Ei
279 3387 322 3436 rei.
342 3385 509 3436 Retinuimus
523 3389 560 3436 rei
573 3399 632 3456 post
674 3385 740 3439 tudo
760 3384 843 3437 animi
870 3383 1027 3457 plerumque
1045 3385 1181 3441 obstiterat

121 3465 192 3518 Bent.
208 3476 234 3516 et
252 3463 324 3516 Perl.
344 3481 376 3516 ex
389 3463 436 3516 lib.
448 3465 540 3516 Bamb.
556 3465 632 3518 idem
674 3463 881 3536 philosophanti.
894 3463 986 3528 Nunc,
999 3465 1181 3534 compotitain

121 3544 163 3595 lib.
174 3542 321 3596 nonhabet
337 3545 453 3606 hilarem,
469 3543 542 3613 quod
551 3545 632 3614 vulgo
675 3561 774 3600 novum
789 3542 863 3614 quasi
875 3541 996 3594 habitum
1008 3554 1112 3608 mento,
1123 3564 1179 3598 ma·

121 3623 371 3694 aequitum-Intro,
385 3621 414 3674 in
430 3621 499 3674 aedes
513 3639 633 3676 meas-
676 3621 772 3694 gnifica
781 3621 883 3674 orditur
891 3621 964 3694 ῥήσει.

124 3705 166 3753 Cui
176 3705 221 3767 roi,
233 3704 257 3753 ci
270 3702 315 3752 roi.
326 3684 504 3754 SimilaeCicer.
515 3703 593 3755 Orat.
606 3721 633 3772 p.
712 3701 772 3772 859.
787 3704 847 3755 Fuit
854 3703 928 3757 Bent.
931 3701 999 3770 fuat.
1014 3733 1044 3742 -
1053 3707 1119 3752 Bone
1128 3705 1186 3756 sut·
1203 3751 1205 3756 Α

13 3839 14 3844 J
120 3781 198 3834 Rosc.
218 3783 306 3834 Amer.
327 3807 340 3826 α
349 3780 396 3852 qui
410 3779 444 3834 dc
464 3801 494 3832 ec
508 3792 635 3853 reposcet
676 3787 750 3834 ducto
759 3785 862 3837 ratione.
877 3779 1048 3835 Considerata
1061 3793 1131 3836 recte
1145 3783 1183 3836 vi-

13 3857 15 3932 J
121 3857 210 3912 dicere
217 3859 336 3934 aliquid,
346 3859 373 3912 in
388 3879 439 3928 quc
451 3880 478 3910 rc
486 3860 559 3912 nulla
573 3861 635 3913 anb-
678 3859 757 3914 vendi
769 3861 986 3924 via‚translatum
998 3877 1013 3912 a
1023 3858 1185 3916 calculatori-

13 3945 14 4002 }
120 3939 339 4011 essetsuspicio.»
354 3939 634 4010 Detuliautem'repe·
678 3941 737 3994 bus.
750 3945 822 3992 Fam.
