2834 4788
497 125 506 162 l

312 345 527 413 ADELPH.
555 344 665 412 ACT.
693 343 777 426 ΙΙΙ,
806 345 874 412 SC.
902 343 972 414 III.
1123 349 1167 420 61

111 477 154 547 Id
173 479 294 546 misero
318 491 418 545 restat
441 475 520 544 mihi
541 473 689 558 mali,=si
709 473 800 542 illum
822 491 946 568 potest,

112 585 182 672 Qui
201 583 299 651 alicui
318 583 364 650 rei
379 596 444 664 est,
459 583 557 648 etiam
571 605 646 648 eum
659 580 701 648 ad
714 583 891 674 nequitiem
904 583 1075 654 adducere.

112 689 181 760 Ubi
200 713 263 782 ego
278 688 370 756 illum
387 685 553 780 quaeram?
566 685 666 754 credo
679 686 859 755 abductum
878 690 913 756 in
927 715 1070 782 ganeum
1137 721 1174 760 11.

112 795 243 888 Aliquo.
262 795 427 862 Persuasit
444 790 497 860 ille
517 794 682 886 impurus,
703 806 754 860 sat
767 795 844 861 scie.

111 900 176 968 Sed
192 925 307 968 eccum
327 902 446 992 Syrum
461 900 508 966 ire
519 897 616 966 video
634 925 641 964 :
663 897 740 966 hinc
757 899 848 967 scibo
857 900 942 992 jam,
955 902 1013 969 ubi
1025 906 1093 972 siet.

112 1013 221 1100 Atque
239 1004 350 1074 hercle
372 1005 426 1072 hic
443 1004 484 1072 de
504 1029 604 1098 grege
622 1001 677 1070 illo
694 1018 744 1071 est
766 1029 774 1070 τ
798 1007 896 1073 sime
917 1010 1055 1077 senserit

111 1115 199 1180 Eum
217 1112 407 1204 quaeritare,
424 1134 593 1202 nunquam
614 1110 701 1178 dicet
719 1111 886 1182 carnufex.

111 1219 191 1286 Non
204 1217 375 1286 ostendam
385 1216 479 1284 idme
488 1214 580 1282 velle.
592 1217 670 1284 Srn.
685 1215 829 1284 Omnem
841 1241 911 1284 rem
924 1219 1025 1288 modo
1036 1224 1123 1309 seni,
1139 1247 1175 1286 ns

112 1325 192 1411 Quo
208 1337 307 1416 pacto
323 1323 476 1407 haberet,
498 1344 689 1388 enarramus
707 1320 832 1390 ordine.

111 1428 167 1497 Nil
183 1429 252 1496 vidi
269 1428 446 1522 quidquam
469 1426 583 1495 ltetius.
603 1429 670 1495 Du.
688 1427 777 1496 Proh
796 1426 940 1522 Jupiter!

110 1537 264 1604 Hominis
279 1533 464 1603 stultitiam.
481 1535 558 1602 Srn.
582 1531 794 1602 Collaudavit
812 1533 938 1620 filium3

110 1641 215 1727 Mihi,
237 1641 294 1734 qui
315 1639 349 1707 id
367 1638 527 1728 dedissem
543 1637 732 1726 consilium,
748 1640 815 1732 egit
835 1642 964 1733 gratias.

152 1871 219 1925 358.
240 1871 274 1923 lat
292 1883 368 1922 restat
387 1872 446 1923 milti
464 1871 529 1924 mali.
549 1871 620 1922 Bene
664 1867 1175 1946 Hic.Syrus.—Simesenserit.Supple:

109 1963 194 2016 restae,
209 1963 334 2022 tanquam
346 1953 399 2020 jam
412 1969 547 2003 summum
564 1967 620 2002 ma·
667 1975 679 1996 ι
690 1967 809 2020 quaerere
824 1948 912 2020 ipsum
925 1949 1002 2002 avide
1013 1963 1038 2004 et
1048 1954 1134 2006 anxie.
1149 1980 1161 2002 ι

109 2031 167 2083 lum
192 2030 240 2091 sit,
269 2031 424 2083 AEschinum
450 2047 505 2082 esse
530 2047 620 2081 corru·
705 2029 773 2091 364.
798 2028 930 2098 Nunquam
962 2030 1032 2083 dicet.
1061 2031 1116 2086 Uti
1143 2033 1177 2087 111

108 2123 196 2180 ptum.
207 2110 275 2161 Dan.
287 2136 329 2152 -—
339 2110 430 2162 Potest.
444 2107 562 2161 subaud.
577 2111 621 2160 ΖΕ-
664 2107 798 2178 Ctesipho.

108 2189 226 2242 achinus.
705 2186 770 2240 365.
789 2187 890 2240 Omnem
900 2207 956 2240 rem.
971 2189 1002 2240 In
1015 2189 1175 2260 quibusdam

151 2267 215 2336 359.
237 2269 331 2320 Alieni.
350 2269 381 2320 C.
404 2267 438 2322 G.
454 2287 490 2320 m.
507 2265 618 2334 alicujus.
664 2265 743 2318 codd.
752 2268 802 2319 11οο
813 2267 875 2320 1000
887 2267 994 2320 initium
1004 2288 1079 2329 novas
1091 2290 1174 2324 scenae

108 2348 174 2418 Sup.
190 2348 282 2417 script.
313 2349 432 2400 utilitatis.
451 2347 568 2399 -Eum
586 2346 623 2398 ad
664 2346 797 2399 statuitur.
815 2346 858 2398 Sic
870 2347 929 2416 Bip.
943 2348 1022 2400 Both.
1041 2347 1131 2404 Guelf.
1146 2371 1173 2404 a.

109 2447 163 2498 neq.
176 2425 310 2501 Lindenl).
328 2427 425 2478 omittit
442 2445 502 2478 eiam.
516 2458 557 2469 -
570 2427 622 2495 Qui
664 2454 703 2466 -
719 2425 753 2476 Id
764 2446 800 2478 me
816 2426 888 2478 nelle.
904 2425 1028 2489 Scilicet,
1050 2429 1117 2482 scire
1128 2431 1176 2482 ubi

109 2507 184 2566 1111ρυὶ
197 2510 291 2558 retest.
316 2505 372 2569 Qui
392 2505 470 2558 alicui
489 2506 529 2558 rei
548 2505 620 2557 utilis
664 2504 706 2556 sit.
721 2537 761 2546 -
779 2505 880 2558 Omnem
896 2525 953 2556 rem.
975 2507 1026 2558 Res
1046 2521 1129 2578 gestas
1142 2510 1175 2562 ab

109 2605 165 2639 esse
181 2597 290 2657 potem
310 2581 345 2637 de
366 2585 420 2638 hoc
438 2582 618 2656 supradixit:
664 2584 800 2636 AEsohino.

113 2690 125 2711 ι
138 2681 186 2716 non
192 2663 298 2730 fratrem
313 2667 350 2716 rei
358 2665 417 2716 dam
428 2683 522 2734 operum
531 2663 620 2714 uidet?
706 2661 771 2714 366.
782 2665 838 2732 Quo
847 2675 920 2732 pacto
931 2663 1036 2716 liaberet.
1048 2663 1184 2736 Plerique·

85 2801 88 2806 ¹
110 2748 164 2796 ruri
174 2765 223 2796 esse
230 2763 331 2813 parcum
347 2763 375 2795 ae
389 2743 493 2794 sobrium
503 2738 533 2788 Ρ»
549 2743 620 2794 Don.
664 2739 744 2794 codd.
753 2761 799 2810 quo
803 2753 876 2810 pacto
881 2761 906 2792 se
916 2741 1021 2805 liaberet,
1026 2743 1173 2814 refragante

152 2822 216 2876 360.
236 2823 374 2875 Abductum
392 2828 417 2874 in
429 2841 540 2890 ganeum.
555 2821 620 2874 Mss.
664 2833 759 2872 metro.
775 2819 841 2870 Perl.
862 2850 901 2862 ·-
918 2820 1053 2891 anpaata
1068 2823 1172 2876 liaberet.

108 2902 218 2974 quidam
235 2915 261 2954 et
279 2903 415 2972 impressi,
438 2902 519 2972 aliqua
534 2904 558 2951 in
573 2900 620 2970 'ga-
664 2899 717 2950 Pro
737 2919 761 2950 se
779 2899 882 2952 liaberet.
898 2931 938 2942 -
948 2903 1105 2968 Enarramus,
1122 2922 1172 2974 pro

107 3003 186 3034 neum.
198 2983 243 3034 W
239 2982 367 3034 ert-In
373 2999 483 3050 ganeum.
496 2982 621 3050 Lupanar
664 2982 833 3046 enarravimus,
846 2977 919 3050 quod
930 2981 994 3052 aliq.
1002 2983 1172 3054 manuscript.

107 3074 155 3114 aut
165 3063 310 3133 popinam,
330 3061 377 3112 ubi
390 3061 522 3130 γάνυνται,
536 3063 563 3112 et
578 3060 620 3112 lu·
663 3057 763 3128 legunt.

108 3142 191 3194 xuriae
208 3141 348 3211 indulgent
364 3140 485 3192 homines
496 3157 619 3212 nequam.
697 3137 772 3208 Ι367.
793 3137 841 3189 Nil
850 3137 938 3190 laetius.
951 3139 1051 3192 Usitata
1061 3141 1173 3206 locutio,

108 3221 253 3274 Nonnullis
262 3219 335 3292 quasi
345 3220 513 3290 ἀπὸτῆςγᾶς,
523 3233 549 3272 et
559 3217 619 3270 ideo
664 3235 724 3287 pro,
749 3217 854 3270 nullum
879 3217 1013 3270 hominem
1035 3220 1172 3274 latiorem.

109 3301 182 3370 quasi
198 3301 305 3371 1111111011,
324 3311 417 3370 crypta
436 3299 619 3363 subterranea,
664 3296 736 3366 Ergo
752 3295 886 3350 indicatur
901 3297 1044 3350 Micionem
1058 3318 1113 3352 non
1128 3311 1173 3352 tu-

108 3380 208 3435 lornix.
663 3375 723 3428 lisse
740 3394 809 3446 aegre
828 3376 978 3446 raptionem
993 3377 1108 3430 fidicine
1135 3380 1175 3432 fa·

150 3459 217 3512 361.
232 3458 324 3512 Guett.
353 3477 366 3510 1
397 3458 463 3528 legit
486 3457 620 3508 AEacliinus
658 3467 732 3508 etam
747 3457 779 3508 ab
791 3457 925 3510 AEschino.

107 3551 168 3605 post
176 3535 620 3608 persuasit—Aliquo.Aduerbitim
707 3533 771 3587 368.
787 3537 905 3589 Hominis.
921 3536 1052 3590 Micionis.
1062 3536 1174 3594 —ae-Stul·

108 3618 170 3670 loei‚
667 3618 752 3665 titiam.
765 3613 869 3684 Nempe
883 3634 933 3686 qua
950 3615 1086 3686 indulgeat
1099 3617 1174 3687 flagi-

150 3697 217 3750 362.
231 3697 300 3758 Hinc
313 3697 377 3748 scibo
387 3699 450 3766 jam.
462 3697 498 3748 Ta
507 3699 561 3765 jam
574 3697 621 3746 ab·
666 3694 710 3746 tiis
723 3695 908 3746 AEsehini.·-·-
917 3695 1073 3748 Collaudavit
1081 3696 1172 3766 silium.

106 3777 145 3826 es't
156 3795 173 3828 a
182 3774 343 3847 quibusdam
354 3776 438 3829 libris.
448 3805 489 3816 —-
498 3776 573 3828 Hinc.
583 3775 622 3826 Ex
666 3773 822 3827 AEsohinum
836 3773 945 3840 scilicet,
961 3771 1116 3848 0111111101,
1127 3780 1175 3848 qui

106 3857 164 3908 illo.
582 3847 584 3851 ’
667 3853 755 3905 fratris
773 3873 850 3906 causa
864 3853 892 3906 id
915 3855 1025 3918 lecerat,
1045 3869 1075 3909 ut
1090 3859 1176 3930 majus

149 3935 324 4002 susanae.
340 3935 420 3988 Both.
436 3938 512 4008 atqui.
527 3963 567 3976 --
580 3933 621 3984 De
667 3934 765 3986 1011111111
775 3945 911 3986 averteret.
923 3935 980 4002 Ba'p.

103 4033 182 4084 grege
195 4015 247 4068 uto.
258 4013 385 4086 Ejusdem
394 4014 571 4070 contubernii.
581 4043 621 4060 -ι
708 4015 773 4083 369.
785 4014 836 4082 Qui
853 4013 881 4066 id
893 4013 980 4070 dedus.
994 4019 1078 4073 consil.
1091 4017 1173 4073 Varie
