2824 4778
355 349 602 432 encauto.
631 349 743 424 act.
772 353 805 436 Ι,
828 354 898 421 sc.
921 357 969 426 n,
1125 353 1195 445 245

128 481 308 548 Tonstrina
325 496 396 550 erat
413 482 562 576 quaedam
587 505 595 548 t
616 484 672 551 hic
690 483 874 554 solebamus
893 487 961 556 fere

127 585 327 679 Plerumque
344 611 415 656 eam
436 589 695 682 opperiri,dum
719 589 796 658 inde
818 593 880 660 iret
901 593 1046 663 domum.
1168 632 1197 669 n.

128 693 258 760 Interea
281 693 360 761 dum
380 694 531 764 sedemus
549 693 631 783 illic,
650 696 827 764 intervenit

127 796 329 868 Adolescens
351 800 484 893 quidam
508 800 713 877 lacrumans:
733 827 794 871 nos
811 805 986 878 mirarierz.

128 905 299 998 Rogamus
316 906 396 999 quid
417 905 478 974 sit?
502 910 722 1000 «Numquam
740 934 849 1002 aeque,
867 911 989 1004 inquit,
1009 935 1048 978 ac
1065 911 1165 980 modo

128 1011 309 1102 Paupertas
326 1013 408 1080 mihi
428 1037 511 1082 onus
530 1015 601 1082 visa
617 1027 684 1101 est,
712 1029 746 1082 et
757 1016 922 1092 miserum
940 1031 974 1086 et
991 1041 1101 1111 grave.
1166 1079 1189 1090 ,,

128 1115 230 1183 Modo
248 1118 425 1210 quamdam
447 1118 512 1186 vidi
535 1121 696 1212 virginem
720 1120 774 1189 hic
790 1123 919 1196 ¹viciniae
1166 1145 1191 1196 ot
1271 1165 1277 1180 ·

128 1223 303 1310 Miseram,
327 1249 419 1292 suam
440 1239 580 1292 matrem
598 1224 769 1294 lamentari
790 1243 967 1296 mortuam.

129 1329 178 1394 Ea
200 1330 260 1410 sita
281 1344 352 1398 erat
369 1329 607 1418 exadvorsum3
630 1355 737 1424 neque
754 1331 799 1401 illi
816 1334 1032 1419 benevolens,
1086 1397 1090 1402 .

128 1433 246 1527 Neque
263 1449 381 1524 notus,
399 1445 506 1530 neque
525 1451 686 1530 cognatus
703 1453 795 1508 extra
816 1465 916 1508 unam
932 1440 1095 1512 aniculam

164 1645 208 1710 89.
219 1649 363 1711 Tonstrina,
383 1645 461 1698 scilic.
473 1645 568 1700 doinus
584 1657 640 1697 ton·

127 1727 203 1776 soris.
211 1752 246 1764 -—
258 1729 397 1776 Tonstrina.
410 1727 478 1795 Apta
489 1725 564 1779 sedes
576 1725 641 1777 otio·

129 1802 172 1856 sis.
187 1834 222 1843 —
235 1809 308 1870 Fere,
327 1807 407 1876 junge
418 1824 478 1858 cum
484 1810 628 1875 plenamque

128 1882 204 1934 iuva.
215 1902 254 1954 sq.
626 1905 627 1910 ¹

164 1981 208 2030 90·
220 1965 501 2025 san-citharistrias
519 1995 554 2006 --
572 1971 637 2025 Iret,

128 2061 176 2112 pro
191 2046 288 2095 rediret.
395 2045 400 2051 ’

164 2139 210 2188 92.
220 2126 379 2178 Adolescens.
393 2127 426 2178 In
439 2125 469 2178 G.
477 2123 509 2175 G.
518 2124 561 2176 ch.
571 2127 639 2174 Ado·

128 2203 188 2252 lese.
203 2201 285 2271 priori
299 2204 387 2256 versui
400 2223 545 2257 annexum.
557 2205 639 2275 Cujus

126 2279 239 2331 omniuo
251 2281 488 2346 codicisversuum
504 2281 640 2335 distinctio

129 2360 267 2428 avulgata
281 2363 376 2432 passim
391 2361 511 2414 discedit.
527 2392 562 2402 —-
571 2366 640 2413 Ado-

127 2441 224 2489 lescens
247 2444 354 2506 quidam.
376 2440 555 2512 Apollodorus
581 2453 640 2492 ton·

127 2536 216 2570 sorem
236 2519 321 2588 ipsum
338 2521 465 2572 nuntium
489 2521 573 2583 facit,
592 2518 639 2590 qui

128 2595 202 2648 dicat
220 2615 249 2650 se
267 2617 354 2670 nuper
370 2599 463 2670 puella
483 2617 585 2651 comam
603 2599 639 2651 ob

128 2675 231 2728 luctum
244 2677 396 2731 abstulisse:
412 2677 487 2749 quod
506 2679 561 2730 scio
578 2697 638 2730 mu·

119 2764 198 2806 tasse
212 2755 377 2820 Terentium,
387 2776 423 2809 ne
435 2758 548 2810 externis
561 2757 639 2808 mori·

129 2833 177 2885 lius
197 2846 371 2904 spectatorem
393 2854 531 2888 romanum
552 2836 639 2888 olien-

129 2911 215 2964 deret.
226 2919 294 2966 Don.
305 2945 341 2954 -
353 2919 475 2968 Mirarier.
487 2916 553 2968 Satis
568 2916 640 2969 scili·

129 2997 179 3044 cet'
193 2993 292 3044 mirum
312 2994 341 3045 in
366 2995 575 3056 adolescentibus
601 2997 639 3064 la7

130 3089 238 3144 crymao.
562 3062 565 3072 ¹

165 3151 211 3219 93.
233 3153 298 3216 Quid
313 3155 363 3218 sit,
380 3161 434 3207 ‘cur
454 3154 593 3225 lacrymet.
607 3187 642 3198 -

130 3235 228 3297 AEqree,
249 3233 329 3298 inquit
338 3269 347 3294 ,
370 3253 401 3283 ae
420 3238 499 3286 modo.
510 3235 643 3303 Tantum,

130 3320 260 3378 quantum
273 3310 301 3362 in
321 3311 373 3364 hoc
386 3313 542 3384 nuperrimo
555 3333 643 3367 rerum

130 3387 252 3440 articulo.
393 3387 397 3392 ”

166 3472 211 3534 94.
234 3469 304 3520 Visa.
321 3467 363 3522 sic
380 3489 426 3522 un.
441 3469 472 3523 C,
493 3471 539 3525 Be.
554 3473 644 3544 Vulgo

131 3547 221 3596 visum.
232 3545 288 3597 Par.
299 3546 327 3597 in
337 3567 423 3620 marg.
434 3568 500 3620 «pro
514 3554 644 3606 miserest.»

131 3652 166 3662 -
175 3631 321 3691 Paupertas.
331 3626 423 3679 Statim
437 3628 466 3679 fit
476 3630 573 3681 mentio
582 3649 644 3699 pau·

131 3703 255 3773 pertalis,
266 3715 295 3755 ut
307 3705 339 3756 sit
351 3723 427 3759 causa
442 3707 552 3760 fallacie
563 3707 646 3761 Phor·

86 3815 89 3824 ,
133 3780 241 3832 taionis.
256 3788 322 3834 Don.

168 3861 212 3926 95.
223 3865 279 3914 Hic.
294 3862 358 3915 Var.
373 3866 440 3928 hnic,
452 3867 516 3930 hiric,
525 3867 643 3933 liujus.-

134 3942 211 3988 Modo
226 3944 377 4006 quamdam,
391 3955 440 3998 etc.
450 3943 520 3996 Vide
537 3944 575 3998 sic
584 3945 641 4015 agi,

135 4030 234 4072 utnon
247 4032 300 4072 tam
315 4035 398 4077 morte
416 4025 551 4089 mulieris,
565 4044 643 4097 quarn

683 1646 829 1700 solitudine
854 1648 973 1718 pulchrae
997 1647 1107 1718 virginis
1135 1667 1192 1700 ruo-

683 1737 776 1776 veatur
785 1727 906 1779 aflectus.
920 1726 1002 1780 Simul
1014 1738 1039 1778 et
1049 1744 1080 1778 ea
1094 1725 1193 1779 descri-

681 1803 724 1870 bi,
747 1823 807 1875 quae
833 1817 960 1858 matrone
988 1805 1083 1858 futurae
1107 1807 1192 1876 magis

682 1884 859 1947 conveniant,
887 1903 967 1955 quam
1003 1904 1062 1956 quae
1092 1897 1191 1938 temere

682 1961 797 2014 amanda
816 1964 857 2016 sit.
870 1963 937 2016 Nam
956 1963 1001 2016 hic
1015 1965 1102 2017 obitus
1117 1965 1190 2016 femi-

681 2059 722 2092 nae
744 2041 779 2094 ad
797 2043 930 2095 comicum
952 2043 1050 2096 exitum
1069 2055 1190 2116 spectat:

682 2121 790 2190 quando
801 2122 908 2194 quidem
918 2125 978 2194 plus
992 2143 1022 2176 ex
1037 2127 1091 2195 ejus
1106 2135 1192 2176 morte

683 2202 848 2271 securitatis,
866 2222 948 2274 quam
961 2203 1085 2256 molestie
1097 2203 1192 2256 sentiat

682 2293 875 2350 argumentum.
889 2288 953 2334 Don.

718 2364 760 2428 96.
780 2365 904 2412 Miseram.
931 2360 1122 2414 adnotandum
1153 2373 1193 2417 est

681 2439 727 2492 bic
739 2439 879 2510 distingui,
893 2450 923 2492 ut
933 2438 966 2490 ad
979 2441 1108 2510 virginem
1126 2441 1198 2494 refe.

680 2527 931 2572 ratur-Mortuum.
942 2519 1110 2590 Significatur
1120 2537 1193 2572 mors

681 2598 746 2669 ejus,
756 2617 814 2668 quae
824 2597 981 2668 superducta
995 2597 1142 2652 Chremetis
1152 2597 1196 2650 bi·,

682 2677 752 2747 garni
772 2696 852 2734 uxor,
874 2688 901 2728 et
922 2695 937 2727 a
956 2677 1060 2729 Lemno
1077 2675 1193 2729 Athenas
1236 2721 1237 2728 ,
1269 2710 1274 2718 -

681 2757 811 2828 profecta,
828 2756 864 2808 ibi
879 2767 984 2808 mortua
999 2765 1046 2807 est.
1061 2759 1123 2806 Perl.

718 2853 760 2906 97.
773 2839 859 2911 Neque
877 2838 914 2886 illi
929 2839 1080 2886 benevolens.
1100 2834 1196 2894 Perlet,

682 2935 764 2982 neque
783 2917 822 2965 illi
844 2915 994 2966 benevolens.
1017 2944 1052 2954 —·
1071 2919 1118 2967 Ea.
1132 2914 1194 2966 Haec

682 2995 781 3067 puella.
795 2993 887 3046 Perlet.
899 2993 989 3046 nescio
1003 2996 1057 3064 quo
1071 3005 1197 3058 auctore,

684 3073 832 3143 intelligit:
863 3091 984 3142 «corpus
1012 3086 1125 3124 mortuae
1149 3091 1196 3142 po-

683 3153 764 3208 situm
777 3161 840 3204 erat.
854 3177 867 3198 w
879 3153 949 3218 Quia
964 3165 1083 3204 mortuos
1094 3163 1197 3208 tantum

685 3236 744 3284 sitos
754 3231 807 3284 dici
818 3229 968 3297 contendit,
984 3249 1038 3282 non
1054 3233 1132 3280 vivos.
1142 3227 1196 3288 Sed

686 3323 758 3366 vetat
773 3310 857 3374 nesio
871 3310 1049 3379 intelligamus
1060 3321 1117 3360 turn
1135 3325 1197 3358 nar-

686 3391 793 3444 rationis
806 3390 889 3460 ipaius
902 3393 929 3444 τὸ
943 3392 1035 3455 πάθος,
1055 3401 1112 3440 tum
1130 3383 1198 3438 ordo

688 3483 714 3524 et
723 3470 883 3538 constructio
895 3469 1198 3539 grammaticae-Eand-

689 3569 797 3612 vorsum,
822 3561 913 3604 contra
947 3567 1044 3619 corpus
1078 3560 1196 3598 mortua.

688 3633 891 3695 -Benevolens,
904 3629 1012 3684 amicus.
1079 3639 1080 3642 ’

725 3709 767 3776 98.
780 3712 868 3775 Neque
878 3723 930 3761 not.
947 3727 1025 3774 neque
1045 3725 1119 3773 cogn.
1135 3703 1199 3754 Haeo

689 3785 1009 3860 descriptiopaupertatis
1026 3783 1135 3856 adjuvat
1158 3799 1199 3834 ar-

688 3877 859 3940 gumentum,
880 3878 909 3918 ut
922 3879 958 3919 .et
981 3865 1066 3918 visere
1085 3861 1201 3914 audeant

688 3946 869 3999 adolescentes
899 3944 1042 4014 virginem,
1074 3956 1099 3996 et
1131 3949 1203 4000 amet

689 4025 815 4097 Antipho.
903 4032 905 4034 ’

1003 4118 1065 4202 16³
