2834 4788
333 327 552 404 toturn.
581 335 687 405 aer.
717 337 776 423 11,
802 337 871 403 sc.
898 337 943 402 ι.
1119 344 1169 436 49

103 465 174 540 AES.
195 471 267 562 Ego
288 466 332 534 ad
353 467 462 536 forum
486 469 561 553 ibo,
577 481 615 536 ut
631 467 721 537 hunc
745 465 937 554 absolvam3
959 483 996 536 tu
1019 469 1107 538 intro
1127 473 1169 540 ad

263 571 375 660 illam,
394 574 564 667 Ctesipho.

104 683 162 748 Sa.
180 681 279 772 Syre,
297 680 392 747 insta.
419 682 498 748 Srn.
528 682 650 776 Eamus
678 706 685 746 :
713 703 856 773 namque
883 681 939 748 hic
960 699 1118 775 properat
1136 687 1170 753 in
1277 763 1280 770 ,

264 787 424 877 Cyprum.
439 785 495 853 Sa.
515 785 567 853 Ne
584 800 652 853 tam
668 784 819 879 quidem;
870 845 874 854 .

103 891 268 978 Quamvis
277 892 374 958 etiam
385 914 504 978 murteo
513 892 637 960 otiosus
649 891 714 960 hic.
727 893 807 958 Srn.
822 890 992 960 Reddetur
1005 916 1013 958 :
1025 917 1067 961 ne
1077 895 1169 964 time.

101 998 160 1064 Sa.
176 997 221 1063 At
233 1010 272 1063 ut
287 1019 386 1064 omne
402 995 527 1064 reddat.
545 999 627 1066 Sta
637 998 747 1064 Omne
762 995 894 1064 reddet·
911 1011 984 1066 tace
998 999 1118 1086 modo,
1132 1027 1171 1071 ac

264 1125 402 1194 sequere
421 1101 495 1170 hac.
511 1103 568 1171 Sa.
580 1104 719 1196 Sequor.
1133 1133 1170 1170 aa.

101 1209 165 1276 Cr.
181 1210 288 1292 Heus,
303 1197 386 1276 heus
393 1203 612 1300 ,SyrelSrn.
632 1201 736 1278 Hem!
751 1205 830 1324 quid
845 1169 987 1277 esthr.
1003 1210 1172 1302 Obsecro,

263 1311 393 1399 hercle,
406 1312 598 1382 hominem
590 1318 691 1382 rstum
706 1313 964 1406 impurissimum

98 1518 213 1592 longum
227 1513 289 1572 dedi
297 1533 416 1592 tempus,
427 1533 458 1573 ut
469 1539 557 1574 secum
570 1540 612 1574 re·
657 1522 932 1574 meretur-Eamus:
940 1523 1170 1593 namque,etc.llaec

98 1614 185 1670 putet.
202 1599 274 1652 Vide
285 1618 364 1670 supra
376 1619 413 1652 vs.
429 1618 492 1670 197.
504 1631 544 1642 -·-
555 1601 612 1653 lam
656 1601 741 1670 Syrus
752 1601 921 1671 pronuntiat,
934 1602 1030 1671 quibus
1039 1617 1169 1657 mercato·

100 1680 166 1730 mitis
178 1691 222 1732 est.
237 1681 336 1732 Contra
348 1677 414 1732 illud
422 1697 459 1730 vs.
476 1679 548 1732 185:
569 1707 580 1727 ι
591 1680 612 1733 si
655 1697 713 1732 rem
725 1691 831 1732 terreat.
848 1681 874 1730 Is
887 1697 985 1748 nempe
996 1679 1071 1733 timet
1083 1701 1118 1735 ue
1130 1702 1171 1736 ve-

98 1761 153 1829 jam
173 1760 234 1812 satis
254 1757 429 1811 debacchatus
447 1776 487 1823 es,
508 1753 579 1811 leno.
595 1784 607 1806 ι
654 1757 686 1810 lit
699 1757 839 1811 AEscbiuus
852 1759 928 1810 lucro
935 1777 1071 1829 apponere
1079 1780 1168 1816 neces·

100 1839 213 1890 Minime
239 1849 328 1890 autem
360 1835 445 1909 placet
471 1838 611 1907 explicatio
655 1839 757 1890 sitatem
771 1835 956 1908 proficiscendi
967 1838 996 1890 in
1012 1857 1064 1908 qua
1081 1860 1165 1895 versa·

100 1911 198 1970 Perleti
210 1937 217 1969 ε
231 1918 304 1982 mitis,
316 1917 334 1969 i.
349 1936 372 1970 e.
386 1915 503 1987 colaphis
516 1931 610 1970 contu·
655 1930 699 1969 tur
712 1917 784 1987 ipse,
805 1930 832 1970 et
845 1930 982 1986 argentum
998 1931 1096 1988 neget:
1114 1923 1165 1976 ita-

100 2017 152 2049 sus.
161 1997 288 2062 Quamvis
296 1989 426 2048 a'dlocum
435 1995 611 2061 inEunucho,
655 2015 707 2066 que
718 1991 841 2063 subjicit:
858 1996 898 2049 Ne
913 2008 961 2048 tam
981 1995 1087 2069 quidem,
1105 2002 1164 2055 sub.

100 2095 154 2128 non
170 2077 206 2129 ita
218 2077 364 2128 absimilem
377 2076 498 2128 conferre
510 2077 609 2146 jubeat.
653 2075 764 2140 festino,
778 2094 904 2146 propero.

100 2153 439 2218 VideEunuch·rs.1004.
509 2187 514 2194 ·
694 2155 1168 2228 ²80.Quamvis.Quantumvia,quam·

142 2237 207 2304 278.
217 2236 275 2304 Ego
287 2235 417 2302 adfurum.
431 2233 461 2287 C.
474 2228 507 2287 G.
519 2252 554 2285 m.
565 2253 611 2302 ego
653 2232 702 2286 diu
718 2233 767 2288 tibi
780 2233 899 2288 libuerit.
920 2266 960 2278 -
976 2234 1084 2290 Otiosus.
1099 2237 1162 2294 Sine

101 2315 166 2385 apud
168 2315 260 2382 firrum.
275 2345 316 2356 -«
326 2313 467 2381 Adforum.
479 2313 534 2364 Ubi
543 2313 611 2366 scili·
652 2313 771 2385 negotio.

100 2408 140 2446 cet
151 2395 265 2447 tabernae
274 2407 348 2447 erant
356 2391 609 2464 argentariae,uude,
694 2397 759 2448 281.
768 2391 807 2446 At
818 2406 845 2445 ut
858 2413 921 2446 omn.
935 2393 1003 2446 redd.
1014 2393 1100 2448 Mark.
1109 2399 1162 2464 At,

98 2474 212 2544 pignore
223 2471 296 2538 dato,
304 2473 615 2542 sumerelicebat,quan·¹
643 2471 691 2537 sac
708 2486 737 2524 ut
755 2493 823 2524 omne
841 2474 934 2525 reddat.
948 2505 988 2514 —
1003 2474 1042 2526 At
1056 2487 1082 2526 ut
1095 2496 1163 2530 onere

100 2565 155 2604 tum
165 2573 232 2623 opus
245 2565 311 2606 esset
323 2553 434 2622 argenti.
440 2551 517 2604 Tunc
527 2551 607 2610 enim,
651 2552 746 2605 reddat.
754 2551 818 2604 Sub.
829 2553 906 2620 effice.
913 2548 1015 2604 Alludit
1027 2553 1079 2606 hoc
1090 2554 1124 2608 ad
1132 2575 1163 2610 ea

99 2645 131 2683 ut
140 2631 248 2686 adnotat
263 2631 397 2696 Donatus,
408 2631 436 2682 in
448 2631 519 2695 loro,
534 2644 561 2683 et
574 2629 608 2684 de
651 2649 710 2702 quae
724 2631 807 2700 Syrus
823 2627 942 2698 dixerat,
962 2632 1083 2683 dividuum
1091 2637 1160 2699 face.

100 2727 197 2762 mensae
211 2712 340 2781 scriptura
361 2710 458 2780 magis,
474 2728 554 2780 quam
576 2727 608 2762 ex
651 2707 685 2762 Et
706 2711 846 2780 probatum
867 2721 920 2773 est,
944 2709 1161 2782 completumque

100 2809 160 2842 arca
174 2789 322 2860 domoque,
339 2785 380 2843 vel
394 2791 474 2851 cista,
497 2787 608 2856 pecunia
651 2785 725 2859 quod
741 2789 798 2842 ait:
822 2783 905 2858 capide
923 2792 1026 2858 accpt'at
1039 2790 1112 2856 furo.
1126 2791 1162 2845 Et

98 2871 296 2922 numerabatur.
311 2870 350 2922 lta
365 2869 392 2921 in
410 2865 519 2920 Phorm.
536 2885 606 2934 920:
650 2869 702 2920 hoc
715 2867 802 2936 ipsum
814 2886 873 2920 cum
886 2867 990 2937 trepida
1001 2881 1027 2921 et
1038 2870 1161 2924 vultuosa

99 2973 109 2991 u
122 2947 173 3002 Sed
189 2951 271 3001 transi
281 2947 358 3001 sodes
371 2947 405 3001 ad
421 2949 517 3006 lorum,
529 2960 608 3016 atque
650 2947 1084 3018 supplicationepronuntiandum.
1094 2951 1160 3004 Dor.

97 3029 164 3081 illud
185 3029 253 3080 mibi
273 3041 412 3098 argentum
426 3046 532 3079 rursum
544 3022 609 3096 jube
650 3025 1160 3098 —SequonHoeverbclenosatiecom·

96 3109 235 3160 rescribi.»
247 3132 288 3142 --
300 3110 381 3160 Hunc.
389 3107 557 3160 Sannionem.
569 3137 609 3147 -
652 3106 786 3174 mitigatus
797 3104 998 3159 ostenditurld.

97 3188 235 3240 Absolvam.
247 3185 363 3239 Reddito
374 3187 410 3238 illi
419 3187 504 3256 pretio
518 3181 609 3236 dimit·
693 3187 758 3238 282.
776 3183 891 3247 Obsecro,
900 3185 984 3238 hercle.
999 3186 1044 3237 Be.
1059 3206 1091 3239 ex
1104 3201 1158 3240 vet.

97 3280 165 3319 tam:
176 3286 238 3320 nam
249 3265 329 3318 veluti
339 3267 411 3337 ligati
425 3278 500 3330 sunt,
512 3265 609 3334 quibus
652 3262 738 3330 addit,
756 3276 787 3316 te.
798 3297 837 3307 —
849 3265 933 3328 Heus,
950 3264 1020 3328 leus,
1034 3263 1111 3334 Syre!
1126 3268 1159 3318 Iu

95 3335 333 3417 debetur-aliquid.
346 3347 392 3398 Est
401 3364 464 3415 ergo
476 3345 607 3405 absolvam,
651 3342 761 3396 domum
780 3341 953 3414 introgressus
969 3343 1053 3396 luerat
1074 3345 1159 3396 Ctesi·

93 3445 155 3495 pro,
164 3446 180 3475 a
194 3428 336 3477 mesolvam.
350 3428 390 3476 An
400 3427 503 3494 jocatur
518 3425 546 3475 in
560 3419 608 3474 tri·
650 3423 716 3492 pho,
731 3420 776 3474 sed
791 3423 890 3476 veritus
900 3441 934 3474 ne
944 3421 1121 3476 debacchetur
1132 3436 1160 3476 et

93 3505 164 3562 stitia
176 3505 304 3568 Lenonis,
314 3505 361 3575 qui
371 3504 445 3556 illum
455 3523 515 3556 cum
525 3503 608 3553 barba
651 3503 746 3572 clamet
766 3501 843 3565 leno,
862 3502 915 3557 exit
925 3503 1040 3568 iterum,
1056 3515 1085 3554 ut
1097 3522 1159 3556 eum

92 3584 201 3638 lenonia
219 3597 246 3637 et
264 3596 359 3636 moesto
383 3583 459 3640 vultu
476 3582 607 3650 sequitur,
650 3579 839 3633 absolvendum
859 3581 934 3633 fratri
956 3601 1005 3634 suo
1024 3583 1160 3635 cummen-

91 3677 218 3754 tanquam
234 3663 413 3716 reustltonat.
426 3661 604 3714 -Aditlam
649 3657 701 3712 det.
710 3659 950 3730 -Impurissimum
965 3661 1023 3712 Hoc
1037 3673 1090 3727 est,
1102 3680 1161 3714 ava·

91 3743 133 3795 ad
144 3762 275 3806 amicam
287 3755 313 3794 et
326 3743 408 3794 sub
400 3761 440 3794 tre
452 3758 575 3812 propera
649 3741 720 3791 ¹rum.
731 3737 831 3792 Eodem
848 3740 995 3810 significatu
1011 3739 1098 3793 Cicer.
1106 3759 1159 3810 pro

132 3842 204 3894 ²79·
224 3823 339 3876 Netum.
351 3823 428 3875 IuC.
450 3821 535 3875 G..m
547 3837 606 3888 sup.
652 3819 828 3873 Cluent.5:2
846 3821 940 3883 Quae
957 3817 1187 3895 peciruiasimnlu¹

16 3921 17 3930 ¹
90 3905 186 3974 script.
204 3905 252 3954 cito
270 3894 374 3956 ilo.-
385 3901 462 3954 Insta.
477 3901 550 3970 Urge
563 3900 608 3952 AE·
654 3913 740 3992 atque
746 3897 781 3951 ad
791 3911 853 3952 eum
868 3897 952 3950 delata
964 3910 1018 3961 est
1029 3898 1129 3950 homo
1120 3919 1164 3950 ιιιι

90 3983 233 4042 schinum,
256 3996 285 4035 ut
298 3982 364 4035 mihi
377 3993 513 4050 argentum
529 3998 610 4034 renu·
651 3981 791 4048 purissimus
802 3977 1059 4047 statimcaepit,etc.»
1074 3977 1165 4051 Perctll

100 4197 102 4202 ι
142 4095 201 4158 ιι.
963 4087 1001 4196 ¹l
