2776 4782
252 381 255 386 ·
310 367 536 436 unctus.
565 371 671 438 aur.
697 369 776 454 111,
799 369 865 437 sc.
902 326 950 435 1.
1047 367 1148 462 ,169

95 496 201 567 Itidem
214 497 276 568 illas
291 497 445 568 mulieres
461 514 554 586 sunt,
568 499 673 576 ferme
686 514 725 568 ut
737 501 849 593 pueri,
870 498 935 570 levi
950 504 1121 571 sententia.

96 606 233 673 Fortasse
251 630 355 674 unum
371 604 506 700 aliquod
520 604 660 674 verbum
677 607 832 675 intereas
846 606 1031 676 iramhanc
1045 610 1152 678 conci·

241 725 336 782 veru.
480 781 483 786 ,

97 825 177 893 Pars.
185 818 435 906 Ahi‚Parmeno
443 871 453 904 ‚
461 818 550 888 intro
558 871 567 905 ‚
575 843 674 888 acme
687 820 814 888 venisse
823 817 949 888 nuntia.
960 821 1045 889 Pau.
1053 822 1151 907 Hem,

236 924 319 1019 vquid
334 924 399 992 hoc
413 921 484 992 est?
494 926 585 994 Part.
597 927 693 994 Tace.

98 1033 256 1128 Trepidari
265 1031 383 1114 sentio,
393 1033 556 1103 etcursari
566 1054 873 1125 rursumprorsum.
886 1034 972 1100 Psn.
984 1031 1151 1125 Agedum,

241 1135 388 1206 adfores
1112 1153 1149 1198 ars

100 1244 217 1316 Accede
229 1244 368 1338 propius
383 1267 390 1309 :
408 1238 502 1311 hem!
521 1242 705 1312 sensistin'?
718 1246 810 1314 Part.
825 1239 904 1312 Noli
916 1241 1105 1312 fabularier.

100 1352 155 1422 Pro
166 1345 306 1444 Jupiter!
321 1347 500 1418 clamorem
507 1349 617 1418 audio.
629 1352 714 1420 Pin.
727 1351 812 1418 Tute
819 1348 1039 1443 loqueris,me
1049 1363 1149 1420 vetas.

100 1459 182 1528 Mra.
198 1455 300 1541 Tace,
313 1455 471 1540 obsecro,
489 1480 564 1524 mea
581 1470 692 1550 gnata.
710 1458 803 1524 Pam.
815 1457 933 1533 Matris
951 1480 1017 1524 vox
1030 1457 1100 1524 visa
1112 1458 1153 1524 ’st

20 1565 21 1568 '
241 1559 454 1635 Philumena.

98 1668 203 1740 Nullus
214 1654 296 1738 sum.
309 1670 393 1737 Pau.
406 1665 475 1756 Qui
484 1666 683 1738 dum-PPsru.
696 1662 795 1736 Perii!
807 1668 891 1736 Pau.
902 1666 1152 1755 Quamobrem?

239 1778 331 1844 Pin.
346 1775 466 1852 Nescio
478 1773 568 1867 quod
581 1781 741 1868 inagnum
754 1771 879 1843 malum

98 1882 246 1968 Profecto,
255 1884 430 1966 Parmeno,
440 1904 493 1948 me
504 1878 600 1952 celas.
614 1881 698 1948 Pan.
711 1881 857 1949 Uxorem
869 1878 1098 1950 Philumenam
1113 1905 1153 1944 a.
1207 1939 1212 1956 ,

99 1989 236 2057 Pavitare
255 1987 369 2056 nescio
382 1985 462 2080 quid
473 1984 647 2055 dixerunt:
667 1985 701 2053 id
715 1987 742 2054 si
758 1985 845 2054 forte
854 1999 909 2058 ,est
922 1987 1043 2070 nescio.

126 2200 180 2249 312.
195 2199 249 2248 Levi
259 2187 523 2259 s'catcntia,mutabili
532 2209 593 2246 oon·
638 2204 795 2264 conceptum
809 2192 937 2247 furtivum
950 2193 1043 2247 furtim
1057 2211 1153 2266 convc-

98 2275 153 2328 silio.
482 2339 486 2348 Ι
637 2271 676 2324 nit
689 2273 770 2326 nasci.

126 2355 179 2409 ³13.
189 2355 329 2407 conaverit.
337 2353 433 2406 Donat.
443 2349 594 2422 monetlegi
673 2352 737 2422 319.
747 2355 821 2404 Perii.
832 2353 862 2406 C.
871 2352 903 2407 G.
915 2372 951 2405 m.
963 2365 989 2405 et
1003 2352 1050 2405 lib.
1065 2353 1150 2424 antiq.

98 2452 189 2506 qnoque
218 2435 371 2490 conscivisse.
393 2430 476 2484 Addit
493 2431 522 2484 in
539 2429 594 2483 fine
637 2431 698 2498 quia
715 2434 787 2484 Pcn'r'.
801 2436 940 2484 -.Nallus
955 2452 1018 2483 sum.
1034 2431 1095 2484 Hac
1109 2449 1152 2484 se·

98 2513 159 2566 llent.
171 2533 211 2564 ere
222 2513 307 2581 (here
316 2515 326 2580 )
336 2529 390 2581 quo
400 2509 488 2565 versui
500 2527 594 2562 consu·
637 2509 745 2581 quentia
756 2509 896 2579 explicant.
910 2541 944 2550 -
958 2513 1007 2576 Qua*
1015 2514 1073 2560 dum
1083 2547 1091 2574 ,
1103 2527 1152 2562 cur

99 2591 277 2664 lsre'opinatur.
286 2592 472 2650 -coaciverie,
482 2605 595 2641 commo-
637 2587 672 2650 de
684 2601 711 2640 te
722 2598 811 2640 actum
823 2587 877 2640 ast?

98 2671 165 2734 verit,
176 2669 336 2724 excitaverit.
674 2671 735 2718 320.
752 2671 791 2716 Mc
800 2671 873 2718 celas.
884 2667 934 2720 Me.
946 2665 1089 2720 Lindenbr.
1102 2686 1151 2718 coe·

126 2755 179 2815 314.
200 2757 241 2803 Mc
258 2752 351 2802 uenisse
367 2751 465 2798 nantia.
483 2745 594 2814 Peregre
638 2745 751 2797 haral.
762 2749 843 2796 caelat.
920 2799 921 2804 ,

97 2827 220 2883 redeuntes
245 2827 324 2882 uxori
350 2826 459 2880 annuos
486 2823 520 2876 de
545 2843 594 2876 suo
675 2825 735 2879 321.
745 2828 867 2878 Pavitare.
880 2825 1000 2898 Proprie,
1011 2826 1108 2898 frigere
1120 2845 1151 2880 ac

99 2906 201 2962 adventu
214 2906 595 2980 premittebantr-Quidlroc
638 2903 707 2956 febri
724 2905 836 2976 jactari;
858 2903 886 2958 id
906 2905 979 2977 quod
997 2918 1098 2959 veteres
1117 2905 1152 2958 ad
1230 2971 1232 2976 ,

101 3002 139 3050 est,
148 2987 219 3059 quod
228 2985 319 3044 andivi
327 2986 344 3046 i,
640 2983 780 3054 corporis,
806 2983 875 3036 sicut
903 2988 987 3036 timere
1008 2984 1043 3038 ad
1069 2986 1151 3038 animi

113 3067 179 3120 art.
215 3068 360 3134 Trepidari,
391 3081 454 3120 ¹cum
479 3062 596 3116 tumultu
634 3063 866 3134 perturbationem
878 3063 1038 3118 referebant.
1052 3053 1152 3136 Propo'·

97 3145 199 3214 quodam
219 3145 335 3218 parituri
356 3145 393 3197 ab
414 3143 446 3196 iis
465 3143 514 3214 qui
534 3153 596 3194 sunt
639 3143 680 3195 nit
696 3143 849 3196 Casaubon.
868 3142 1032 3213 ingeniosam
1049 3144 1109 3196 satis
1127 3155 1154 3195 et

97 3225 162 3279 intro.
176 3257 211 3270 -
224 3231 330 3278 Rursum
342 3242 470 3293 prorsum,
483 3232 555 3276 retro
569 3233 595 3274 et
639 3235 709 3276 certe
719 3240 816 3275 novam
826 3221 1024 3292 explicationem
1033 3230 1074 3276 τοῦ
1083 3226 1154 3289 pavi·

98 3317 155 3358 ante.
640 3317 702 3354 tare.
725 3303 885 3364 «Fortasse,
908 3301 1011 3372 inquit,
1032 3300 1153 3354 audierat

126 3388 179 3438 316.
199 3388 306 3437 Accede.
319 3381 378 3436 Lib.
396 3381 488 3440 Bemb.
507 3379 596 3434 etalii
639 3399 731 3435 servus
748 3381 856 3434 ancillas
879 3379 1045 3433 mussitantes
1063 3379 1152 3432 Philu-

96 3468 184 3518 aaeedo.
204 3495 240 3504 -
257 3462 392 3514 Sensistin'.
412 3458 596 3516 Audivistine?
640 3479 745 3514 menam
764 3463 875 3530 pariture
894 3477 1009 3531 parere:
1033 3459 1050 3512 i.
1067 3477 1092 3513 e.
1116 3458 1152 3512 ad

97 3547 283 3608 *tabulas-ier,
296 3540 406 3614 garrire.
639 3551 746 3612 partum
754 3557 911 3612 properam
926 3537 998 3611 quod
1008 3538 1052 3590 ille
1059 3558 1107 3611 per
1114 3559 1154 3592 er-

127 3628 181 3693 317.
200 3626 293 3676 Audio.
315 3622 375 3674 Lib.
396 3619 485 3674 Bemb.
504 3619 594 3670 audivi.
639 3619 1153 3686 rorempavirareremlit.--Dieemns

17 3733 18 3740 .
97 3709 174 3754 -Me
183 3717 270 3764 ustas,
284 3701 368 3773 loqui.
381 3701 449 3752 Mire
461 3715 596 3770 expressus
640 3698 827 3771 significantur
853 3698 910 3752 haec
937 3698 1067 3759 forsitan,
1094 3715 1153 3767 quse

17 3815 18 3842 3
98 3792 130 3834 est
146 3801 201 3836 mos
221 3781 446 3844 auscultantium,
464 3791 490 3833 et
509 3775 597 3833 vivide
642 3797 737 3852 supra,
759 3798 799 3832 vs.
823 3780 891 3844 238,
912 3778 1026 3830 Sostrata
1044 3775 1155 3829 Lacheti

97 3858 279 3916 adumbrantur
291 3878 420 3932 personas.
642 3859 731 3914 retulit
743 3878 749 3912 :
763 3863 818 3912 lass.
827 3879 884 3927 opp.
894 3877 945 3909 csse
954 3861 1002 3910 aib.
1012 3868 1038 3910 et
1049 3875 1107 3928 quse
1119 3857 1154 3910 ad

17 3933 19 3954 '
125 3939 182 3994 318.
196 3947 276 4008 Tace,
290 3944 380 3992 obsecr.
389 3950 441 3992 etc.
452 3938 517 3990 Haec
526 3938 598 3992 intus
638 3959 715 3993 aures
737 3939 805 3992 servi
833 3955 941 4009 quoque
964 3949 1152 4008 pervenerant.

17 4091 18 4100 ἵ
96 4015 242 4088 llyrrhina5
263 4032 289 4074 et
307 4031 392 4076 taceat
412 4028 517 4086 monet,
535 4018 597 4090 quia
640 4015 727 4074 Pcrlct.
741 4049 774 4060 -
790 4020 829 4082 Si,
844 4035 886 4068 an.
980 4019 984 4024 '
