2834 4788
358 276 579 344 ananau.
608 276 716 344 scr.
744 277 778 361 1,
804 277 871 344 sc.
900 277 949 342 11.
1137 299 1180 366 19

115 413 189 478 lloc
209 421 304 502 pater
324 431 364 478 ac
382 406 535 476 dominus
554 408 699 476 interest.
716 409 790 476 Hoc
808 410 865 502 qui
884 410 1015 502 nequit,

116 518 271 584 Fateatur
286 514 414 584 nescire
431 515 596 608 imperare
610 511 729 582 liberis.

114 620 180 690 Sed
198 635 290 690 estne
305 621 360 690 hic
375 621 483 714 ipsus,
498 617 539 688 de
552 643 619 714 quo
636 617 797 714 agebam?
813 621 857 688 Et
875 634 964 690 certe
983 619 1009 687 is
1031 633 1089 688 est.

115 728 235 796 Nescio
252 725 332 820 quid
352 727 479 794 tristem
501 723 608 794 video.
632 723 742 795 Credo
762 725 850 818 jam,
868 739 907 793 ut
922 723 1021 810 solet,

113 833 275 926 iurgabit.
287 831 424 902 Salvum
440 845 474 900 te
489 830 661 914 advenire,
677 833 823 917 Demea,
1156 857 1181 890 s.

115 937 320 1024 Gaudemus.

370 1059 576 1218 scunt
610 1126 925 1214 SECUNDA.

402 1411 405 1416 ·
450 1365 645 1438 DEMEA.
677 1365 849 1436 MIClO.

165 1549 231 1618 De.
251 1540 376 1614 Ehem!
399 1501 614 1638 opportune:
636 1555 669 1609 te
691 1543 799 1636 ipsum
819 1547 966 1638 quaerito.

112 1656 176 1722 Mt.
199 1651 292 1740 Quid
312 1652 414 1718 tristis
434 1647 489 1717 es?
505 1651 570 1719 Da.
591 1649 703 1740 Rogas
721 1674 790 1734 me,
804 1650 861 1718 ubi
878 1651 975 1720 nobis
989 1637 1162 1720 AEschinus

154 1867 201 1932 76.
213 1862 312 1934 Nequit.
330 1859 430 1911 Maleb.
445 1857 519 1930 Guy.
539 1861 623 1909 nescit.
671 1869 721 1908 etc.
738 1857 780 1909 Bi.
792 1859 874 1930 incip.
890 1879 995 1912 scenam
1010 1860 1181 1914 a.-Salrum

112 1943 143 1994 ln
155 1943 203 1995 Tr.
213 1953 269 1994 erat
277 1939 405 2010 scriptum
415 1937 627 1991 nescirit-stoc.
671 1949 693 1986 te
715 1937 841 2002 aduenire,
856 1939 962 2006 Demea,
982 1941 1121 2010 gaudemus.
1142 1941 1182 1994 Ue

112 2021 286 2074 Absolutivus
295 2031 342 2081 est,
351 2036 402 2088 pro
412 2021 437 2068 ia
450 2017 626 2070 hoa-luter·
667 2015 786 2084 asperior
803 2017 957 2071 ostendatur
974 2020 1088 2086 Demea,
1100 2021 1181 2074 etiam

112 2113 155 2154 est.
176 2099 277 2158 Distat,
290 2097 391 2150 differt.
407 2131 447 2139 -
469 2097 520 2166 Qui
536 2099 625 2168 nequit.
668 2095 893 2162 salutaturabeo,
905 2116 984 2170 quem
994 2101 1181 2170 objurgatum

111 2179 204 2250 Longe
212 2177 482 2250 meliusnequit‚quam
491 2173 626 2239 sidiceret,
668 2186 714 2226 est.
726 2208 766 2236 7-
779 2177 819 2228 De
837 2189 892 2230 tota
912 2177 961 2230 hac
979 2196 1055 2240 scena
1070 2177 1179 2234 adnotat
1203 2187 1206 2196 ’

47 2312 49 2316 ,
115 2277 171 2312 non
184 2257 328 2312 vultDon.
615 2263 617 2270 ’
668 2251 919 2310 Lemonntersaeeue
935 2263 1010 2314 scene
1023 2270 1108 2310 estun
1120 2277 1178 2312 mo-
1206 2259 1215 2274 ¹

152 2358 197 2408 77.
222 2337 341 2390 Fateatur
358 2339 454 2387 nescire.
476 2335 539 2386 Mes.
556 2333 622 2388 We.
668 2333 785 2404 nologue
797 2335 936 2407 bienlong.
946 2337 1057 2390 Comme
1070 2337 1089 2388 il
1103 2355 1175 2390 com·

104 2419 157 2486 sat.
168 2438 194 2468 se
205 2413 364 2470 resetrealii
381 2433 472 2468 omnes
487 2413 622 2466 omittunt.
667 2429 759 2487 mence
774 2413 799 2466 la
810 2416 898 2486 piece,
911 2433 1014 2468 comme
1028 2413 1132 2468 l'action
1142 2435 1177 2470 ne

111 2499 272 2567 -Imperare
278 2493 469 2566 liberis,regere
476 2493 623 2545 liberorum
666 2490 774 2544 marche
784 2495 860 2564 point
869 2513 976 2561 encore,
990 2493 1056 2566 qu'il
1067 2507 1105 2547 est
1114 2495 1176 2548 bien

111 2575 226 2650 ingenia.
667 2570 746 2628 ecrit,
760 2573 825 2644 qu'il
846 2586 995 2644 sert,.pour
1018 2574 1083 2626 ainsi
1101 2573 1175 2638 dire,

152 2657 200 2724 78.
213 2652 334 2724 Agebem.
350 2654 392 2706 Al.
407 2651 509 2704 aiebam.
521 2683 561 2693 -
573 2651 624 2702 Hie
666 2647 700 2702 de
710 2652 853 2721 prologue,
867 2653 886 2703 il
894 2652 962 2705 n'est
971 2653 1048 2723 point
1055 2651 1176 2723 de'place,

110 2737 191 2804 ipsus,
206 2735 316 2786 Demea.
330 2765 370 2776 --
385 2733 425 2783 De
444 2727 497 2800 quo¹
509 2729 624 2800 agebam,
667 2721 693 2780 et
706 2725 764 2780 doit
775 2731 866 2800 plaire.
882 2756 894 2776 s

111 2812 145 2866 de
159 2833 214 2886 quo
226 2814 363 2884 loquebar.
375 2843 413 2853 -
424 2811 462 2864 Et
473 2820 535 2861 certe
547 2815 567 2860 is
579 2813 623 2862 ett.
709 2809 725 2862 8
730 2827 755 2859 a.
776 2809 863 2862 Ehem.
880 2808 936 2861 Alii
954 2809 1013 2862 lem.
1035 2807 1088 2862 Sed
1102 2823 1178 2870 notat

110 2893 184 2945 Bene
208 2911 282 2944 nunc
300 2891 442 2954 confirmat
461 2889 549 2960 ipsum
570 2905 624 2939 esec
666 2885 711 2938 Fa.
731 2888 967 2958 magisconvenire
991 2890 1057 2941 elaem
1074 2891 1176 2944 actibus

109 2990 171 3024 eum
182 3012 190 3036 ‚
209 2991 290 3042 quem
310 2990 324 3022 e
345 2970 493 3040 longinquo
515 2978 625 3038 propter
665 2966 819 3036 repentinis,
828 2980 858 3020 ut
866 2979 904 3021 est
914 2968 1087 3042 subitusque,
1095 2989 1175 3042 quem

110 3049 220 3104 senilem
236 3049 345 3114 visum,
363 3068 418 3102 non
438 3049 506 3100 bene
533 3046 620 3098 forsan
665 3045 724 3116 quis
743 3047 851 3116 quaerit,
870 3060 999 3116 aspectus·
1019 3081 1060 3091 -
1075 3039 1175 3101 Ehem!

111 3130 300 3202 prospiciebat.
665 3137 810 3196 opportune:
819 3141 841 3176 te
850 3129 925 3195 ipsein
933 3131 1042 3200 quaerito.
1052 3128 1175 3181 Morosus

150 3229 200 3279 79.
212 3209 302 3262 Nescio
315 3207 375 3278 quid
385 3211 484 3258 tristem.
501 3203 621 3258 Bothius.
664 3203 747 3256 homo
767 3203 801 3257 ad
817 3205 934 3274 jurgium
949 3208 1099 3277 promptior
1118 3221 1172 3272 est,

113 3293 203 3340 tristem
222 3291 300 3340 neseio
318 3287 383 3360 quid.
401 3319 440 3328 --
462 3283 540 3338 Credo
559 3287 621 3352 jam.
664 3303 743 3355 quam
758 3281 791 3336 ad
807 3282 1014 3337 resalutandum.

110 3368 202 3422 Guelf·
219 3367 251 3434 3,
262 3367 332 3418 credo
348 3367 380 3418 id.
395 3398 436 3409 —
452 3363 487 3417 Ut
496 3363 564 3417 solet.
576 3365 620 3416 Br.
705 3361 751 3418 83.
767 3364 851 3434 Rogas
862 3383 905 3414 me.
920 3363 964 3416 Br.
979 3376 1006 3416 et
1021 3365 1064 3416 alii
1082 3370 1174 3436 rogitas

110 3461 138 3498 ut
152 3447 250 3501 assolet.
261 3447 396 3500 -Nescio
407 3444 467 3517 quid
477 3448 566 3495 tristem
580 3447 620 3494 ari-
664 3463 713 3494 me..
725 3441 779 3496 Alii
795 3445 892 3512 rogites.
908 3441 1025 3508 Quidam
1038 3441 1173 3514 duplicem

109 3529 164 3580 deo.
174 3525 264 3580 Video
275 3545 337 3578 eum
347 3544 401 3580 esse
409 3523 498 3578 nescio
508 3536 621 3595 propter
664 3521 765 3574 faciunt
777 3521 1009 3594 interrogationem
1027 3541 1098 3592 rogas
1119 3519 1174 3576 me?

108 3605 177 3678 quid
189 3605 301 3658 tristem.
666 3603 728 3666 ubi,
747 3615 796 3652 etc.
816 3635 857 3644 —
875 3603 957 3671 Rogas
975 3620 1029 3668 me,
1052 3603 1093 3654 ubi
1106 3604 1174 3654 nobis

151 3689 199 3740 80.
216 3685 342 3754 iurgabit.
361 3683 459 3736 Donat.
476 3681 567 3748 infra,
583 3699 620 3734 vt.
666 3681 800 3732 AEsetinus
811 3679 875 3740 Stet,
893 3681 953 3753 quid
965 3683 1039 3732 tristis
1051 3701 1097 3752 ego
1109 3685 1175 3734 simr’

109 3767 148 3830 84
157 3803 166 3830 ,
176 3759 324 3836 objurgabitss
335 3763 425 3830 West.
438 3793 477 3806 -
488 3761 586 3814 Salvum
599 3773 621 3810 te
665 3759 774 3830 Triplex
781 3759 835 3824 hic,
842 3759 980 3832 etquidem
990 3779 1046 3812 non
1051 3759 1177 3826 absurde,

17 3855 18 3858 ’
108 3845 229 3897 aduenire.
242 3842 313 3896 Edit.
334 3845 408 3911 1469
419 3880 426 3906 ,
437 3841 502 3892 salvo
515 3853 537 3892 te
550 3841 621 3894 adve—
666 3853 752 3910 potest
758 3837 879 3892 adhiberi
888 3857 989 3905 sensum
997 3857 1043 3892 seu
1053 3840 1174 3906 :tQuum

17 3963 18 3996 3
107 3928 198 4004 niente.
215 3924 259 3976 Ab
273 3923 316 3975 his
330 3921 434 3986 verbis,
450 3920 487 3974 M.
504 3921 564 3972 sale.
584 3932 619 3982 te,
666 3918 750 3970 filium
765 3919 909 3974 habeamus
921 3918 1095 3986 AEschinum,
1109 3919 1175 3974 adeo

949 4024 992 4095 2²
