2824 4778
346 343 565 414 uncini.
593 344 701 412 ier.
727 343 771 430 v,
797 343 867 413 sc.
896 342 969 412 111.
1119 365 1183 412 221

119 479 205 548 Pin.
224 473 316 565 Quid
338 475 408 544 eo?
428 479 512 546 Bao.
533 477 670 545 Diome
693 500 789 544 orare
794 529 807 569 2
825 490 866 544 ut
883 477 1004 544 veniat.
1034 473 1119 545 Pan.
1137 475 1191 545 Ad

279 579 339 650 te?
356 585 438 652 Bac.
458 586 567 650 Immo
585 576 628 650 ad
647 579 886 651 Philumenam.
1152 605 1191 641 a..

118 691 203 758 Pan.
225 687 316 776 Quid
333 690 380 755 rei
400 687 476 757 est?
494 691 575 759 Bac.
594 691 666 756 Tua
683 688 773 782 quod
791 686 840 755 nil
860 687 980 775 refert,
1001 691 1190 782 percontari

279 793 418 862 desinas.
999 831 1001 838 a

117 903 203 970 Pan.
228 899 284 968 Nil
315 898 403 968 aliud
421 897 551 968 dicam?
573 903 656 969 Bac.
680 901 788 968 Etiam
813 925 820 966 :
847 899 1186 993 cognosseannulum

279 1003 371 1073 illum
390 1007 616 1100 Myrrhinam.

118 1113 238 1180 Gnatae
250 1136 315 1180 suae
327 1110 448 1195 fuisse,
465 1137 563 1206 quem
581 1113 671 1206 ipsus
685 1110 762 1180 olim
777 1110 823 1178 ml
835 1109 979 1179 dederat.
997 1111 1081 1188 Pan.
1098 1115 1182 1182 Scio.

116 1220 305 1298 Tantumne
322 1216 394 1286 est?
408 1221 491 1288 Bac.
506 1221 670 1286 Tantum:
685 1217 791 1285 aderit
801 1218 974 1298 continuo,
994 1216 1060 1286 hoc
1075 1218 1133 1287 ubi
1145 1244 1186 1289 eir
1204 1291 1208 1301 ,

278 1337 310 1390 te
332 1323 506 1392 audiverit.

117 1428 184 1496 Sed
199 1427 335 1498 cessas?
356 1431 442 1498 Pau.
460 1431 610 1498 Minume
625 1428 779 1524 equidem
795 1455 802 1496 :
818 1450 896 1498 nam
911 1427 1009 1496 hodie
1029 1429 1110 1500 mihi
1122 1451 1183 1524 po-

187 1593 193 1603 ,
278 1550 378 1604 testas
396 1535 487 1603 haud
505 1535 582 1604 data
597 1538 657 1604 'st:
916 1621 923 1632 ,
1147 1557 1184 1596 81⁵
1231 1564 1232 1570 ¹

117 1647 170 1711 lta
184 1641 350 1710 cursando
365 1656 464 1735 atque
486 1641 686 1710 ambulando
702 1654 811 1707 totum
825 1639 917 1708 hunc
931 1641 1072 1708 contrivi
1086 1632 1184 1709 diem'.

118 1739 205 1818 Bae.
241 1749 411 1836 Quantam
442 1746 547 1818 obtuli
576 1747 721 1816 adventu
744 1771 820 1814 meo
844 1744 988 1814 laetitiam
1011 1741 1186 1840 Pamphilo

275 1853 374 1922 hodie
392 1849 399 1922 !

118 1962 213 2049 Quot
224 1959 422 2029 eommodas
439 1985 493 2029 res
513 1955 624 2028 attuli!
644 1972 727 2052 quot
743 1971 854 2026 autem
876 1956 983 2027 ademi
1002 1955 1116 2030 curas!

119 2069 268 2135 Gnatum
282 2067 312 2134 ei
324 2069 473 2150 restituo,
490 2067 545 2160 qui
559 2089 652 2160 paene
664 2065 784 2132 harum
794 2065 960 2158 ipsiusque
971 2091 1071 2160 opera
1080 2067 1186 2161 periit:

118 2174 286 2259 Uxorem,
300 2197 400 2266 quam
411 2196 582 2266 nunquam
598 2184 648 2240 est
662 2185 753 2240 ratus
770 2171 909 2264 posthae
925 2194 962 2238 se
976 2170 1185 2256 habiturum,

280 2277 400 2367 reddo;
557 2293 559 2298 '
1149 2301 1187 2340 an

117 2387 250 2474 Quare
268 2399 438 2480 suspectus
454 2410 514 2454 suo
528 2385 614 2478 patri
632 2397 666 2452 et
681 2381 845 2477 Phidippo
865 2383 947 2470 fuit,
970 2383 1105 2453 exsolvi.

118 2494 180 2560 Hic
199 2491 283 2560 adeo
301 2492 353 2560 his
369 2491 467 2560 rebus
488 2489 629 2560 annulus
646 2489 709 2558 fuit
730 2489 859 2556 initium
875 2489 1092 2558 inveniundis.

117 2672 183 2724 dum
194 2671 268 2743 quod
278 2673 310 2725 ab
316 2671 391 2724 initio
402 2669 536 2724 comoediae
544 2687 629 2740 usque
673 2667 749 2719 niose
758 2665 914 2736 explicatur,
925 2684 975 2736 pro
984 2665 1088 2736 pigritia
1103 2681 1128 2721 et
1142 2689 1187 2724 cu·

118 2751 152 2803 ad
166 2753 249 2804 finem
261 2750 391 2804 Parmeno
407 2751 518 2803 mittitur
529 2760 559 2800 ut
568 2766 630 2802 eur·
673 2745 791 2796 riositate
805 2743 992 2807 Parmenonis,
1002 2762 1108 2800 manere
1125 2767 1185 2818 per.

117 2843 157 2882 rat
166 2843 213 2883 :et
222 2831 323 2882 celatur
333 2843 363 2883 ut
376 2830 488 2895 nesciat,
497 2825 570 2900 quod
581 2843 629 2879 eu·
672 2822 798 2893 optantis.
810 2851 846 2862 ·-
859 2827 921 2873 Hoc.
932 2823 992 2875 Lib.
1007 2835 1061 2877 ant.
1075 2829 1137 2878 loec.
1150 2859 1186 2868 -

117 2911 188 2962 riose
201 2908 341 2961 desiderat.
355 2913 420 2960 Don.
672 2903 805 2953 Audivere.
831 2899 862 2953 C.
878 2901 911 2954 G.
930 2921 966 2955 m.
986 2907 1099 2958 audierit.
1120 2907 1184 2980 Sup.

154 2991 215 3041 810.
232 2991 308 3056 Quid,
321 2999 429 3059 propter
443 2985 518 3057 quid.
531 3013 567 3026 —
576 2983 628 3048 Eo',
671 2999 724 3033 aer.
740 2985 771 3032 de
787 2985 873 3032 anullo
886 2985 992 3050 cognito.

119 3068 152 3120 ad
163 3067 345 3138 Pamphilum.
354 3065 387 3118 Et
395 3085 424 3117 eo
435 3064 509 3130 dicit,
521 3083 571 3136 pro
580 3066 628 3114 ibo.
708 3060 769 3113 815.
785 3064 888 3121 cessas,
904 3061 1046 3114 tardasne?
1059 3093 1095 3104 --
1111 3071 1185 3118 Pota.

118 3153 258 3210 -Immo,
274 3164 328 3197 non
338 3163 401 3199 vero
414 3141 520 3207 adme,
533 3141 580 3195 sed
594 3140 629 3194 ad
672 3157 740 3206 stas,
753 3139 884 3193 cessandi.

118 3225 314 3278 Philumenam.
709 3221 769 3273 816.
781 3222 909 3272 Cursando
920 3238 945 3270 a.
958 3223 1021 3270 amb.
1033 3220 1073 3272 Cf.
1081 3240 1138 3292 sup.
1146 3243 1188 3278 vr.

153 3305 215 3356 8η.
230 3308 331 3355 Etiam:
345 3322 421 3371 cogn.
437 3313 485 3354 eto.
496 3299 629 3354 dicetiam
674 3299 803 3360 aaaron
812 3299 869 3350 haeo
881 3297 934 3349 abit
941 3297 1114 3360 Parmeno,et
1124 3303 1188 3354 Bac·

117 3384 364 3456 Myrrhinam,ete.
673 3377 730 3430 ohis
749 3377 806 3430 sola
818 3386 954 3437 remanet;
973 3376 1111 3448 etreliqua
1124 3399 1184 3446 pars
1228 3435 1232 3442 ,

154 3462 215 3516 813.
228 3465 291 3514 Olim
300 3465 342 3514 mi.
358 3461 416 3514 Lib.
429 3461 511 3532 antiq.
527 3460 588 3510 miti
596 3462 629 3510 ol.
674 3457 823 3526 argumenti
833 3475 881 3528 per
890 3451 1014 3527 paradius
1027 3469 1159 3510 narratur.

119 3563 153 3583 ι-
162 3548 243 3610 Ipsus.
256 3540 420 3611 Pamphilus.
430 3543 533 3590 —Ser'o.
546 3537 631 3590 Audio
677 3557 679 3564 ¹
713 3537 773 3602 819.
784 3541 889 3595 Hanem,
901 3534 1040 3596 δεικτικῶς.
1055 3535 1191 3604 Significat

121 3635 158 3683 te,
170 3621 305 3692 intelligo,
319 3619 373 3672 scio
383 3617 449 3689 quid
458 3617 524 3670 velia
534 3615 631 3668 dicere.
676 3613 875 3665 enimmulieres
882 3612 909 3664 in
917 3611 1018 3664 aedibus
1026 3611 1188 3684 undeegres-

156 3702 216 3762 814.
228 3705 422 3750 Tantumneescr
431 3693 632 3749 Solumneillud
676 3711 703 3744 sa
714 3690 1033 3758 erat.-Poeneperiit.Vs.
1046 3696 1112 3753 400,
1127 3701 1187 3764 749.

120 3779 231 3831 mandas
245 3778 313 3830 mihi
323 3776 468 3830 dicendum
481 3775 547 3828 hero
556 3773 633 3826 meo?
713 3771 772 3823 821.
793 3775 849 3837 Qua
866 3788 892 3819 re
910 3768 1113 3836 napsiniacus.
1132 3772 1187 3846 Ep.

120 3859 278 3930 -Anglioa
298 3856 480 3930 interpretatio
505 3853 628 3924 exponit:
674 3849 764 3924 pedivi
778 3868 840 3901 eum
852 3847 968 3901 criminis
976 3847 1011 3899 ob
1020 3847 1092 3917 quod
1102 3869 1189 3924 suspe.

121 3938 261 3990 «Tantine
275 3937 468 3990 momentihaec
479 3953 521 3986 res
532 3942 632 3994 est,ut
675 3941 733 3984 ctus
754 3941 819 3982 erat.
1149 3999 1155 4005 Ι

119 4019 208 4070 statim
231 4016 334 4072 veniat?
358 4013 461 4080 ”Quod
476 4011 536 4066 satis
557 4010 631 4081 inge-
714 4011 774 4062 822.
801 4008 848 4056 Hic
866 4007 981 4055 annulus.
1000 4003 1062 4056 Hac
1084 4007 1190 4077 dicens,
