<?xml version="1.0" encoding="UTF-8"?>
<!DOCTYPE html PUBLIC "-//W3C//DTD XHTML 1.0 Transitional//EN"
    "http://www.w3.org/TR/xhtml1/DTD/xhtml1-transitional.dtd">
<html xmlns="http://www.w3.org/1999/xhtml" xml:lang="en" lang="en">
 <head>
  <title>
</title>
<meta http-equiv="Content-Type" content="text/html;charset=utf-8" />
  <meta name='ocr-system' content='tesseract 3.04.00' />
  <meta name='ocr-capabilities' content='ocr_page ocr_carea ocr_par ocr_line ocrx_word'/>
</head>
<body>
  <div class='ocr_page' id='page_1' title='image "./publiiterentiia01lemagoog/publiiterentiia01lemagoog_0155.png"; bbox 0 0 2776 4782; ppageno 0'>
   <div class='ocr_carea' id='block_1_1' title="bbox 128 369 1048 463">
    <p class='ocr_par' dir='ltr' id='par_1_1' title="bbox 128 369 1048 463">
     <span class='ocr_line' id='line_1_1' title="bbox 128 369 1048 463; baseline -0.012 -14"><span class='ocrx_word' id='word_1_1' title='bbox 128 453 131 458; x_wconf 73' lang='grc'>,</span> <span class='ocrx_word' id='word_1_2' title='bbox 230 375 300 463; x_wconf 77' lang='grc'><strong>146</strong></span> <span class='ocrx_word' id='word_1_3' title='bbox 449 369 1048 442; x_wconf 79' lang='lat' dir='ltr'><strong>PUBLIITERENTIIAFRI</strong></span> 
     </span>
    </p>
   </div>
   <div class='ocr_carea' id='block_1_2' title="bbox 221 499 1286 916">
    <p class='ocr_par' dir='ltr' id='par_1_2' title="bbox 222 499 1201 597">
     <span class='ocr_line' id='line_1_2' title="bbox 222 499 1201 597; baseline -0.01 -18"><span class='ocrx_word' id='word_1_4' title='bbox 222 513 285 579; x_wconf 80' lang='lat' dir='ltr'><strong>Pu.</strong></span> <span class='ocrx_word' id='word_1_5' title='bbox 308 509 359 576; x_wconf 87' lang='lat' dir='ltr'><strong>Ita</strong></span> <span class='ocrx_word' id='word_1_6' title='bbox 374 505 420 574; x_wconf 92' lang='lat' dir='ltr'><strong>Di</strong></span> <span class='ocrx_word' id='word_1_7' title='bbox 434 505 579 597; x_wconf 80' lang='lat' dir='ltr'><strong>Deaeque</strong></span> <span class='ocrx_word' id='word_1_8' title='bbox 593 500 712 589; x_wconf 79' lang='lat' dir='ltr'>faxint,</span> <span class='ocrx_word' id='word_1_9' title='bbox 727 500 799 570; x_wconf 86' lang='lat' dir='ltr'><strong>siin</strong></span> <span class='ocrx_word' id='word_1_10' title='bbox 815 524 886 568; x_wconf 83' lang='lat' dir='ltr'><strong>rem</strong></span> <span class='ocrx_word' id='word_1_11' title='bbox 898 513 950 570; x_wconf 84' lang='lat' dir='ltr'><strong>est</strong></span> <span class='ocrx_word' id='word_1_12' title='bbox 959 499 1141 572; x_wconf 86' lang='lat' dir='ltr'><strong>Bacchidis.</strong></span> <span class='ocrx_word' id='word_1_13' title='bbox 1199 533 1201 538; x_wconf 96' lang='lat'>·</span> 
     </span>
    </p>

    <p class='ocr_par' dir='ltr' id='par_1_3' title="bbox 222 606 1177 708">
     <span class='ocr_line' id='line_1_3' title="bbox 222 606 1177 708; baseline -0.007 -25"><span class='ocrx_word' id='word_1_14' title='bbox 222 614 285 686; x_wconf 86' lang='lat' dir='ltr'><strong>Sed</strong></span> <span class='ocrx_word' id='word_1_15' title='bbox 304 616 360 708; x_wconf 90' lang='lat' dir='ltr'><strong>qui</strong></span> <span class='ocrx_word' id='word_1_16' title='bbox 380 613 464 680; x_wconf 89' lang='lat' dir='ltr'><strong>istuc</strong></span> <span class='ocrx_word' id='word_1_17' title='bbox 483 609 616 679; x_wconf 89' lang='lat' dir='ltr'><strong>credam</strong></span> <span class='ocrx_word' id='word_1_18' title='bbox 633 609 678 678; x_wconf 89' lang='lat' dir='ltr'><strong>ita</strong></span> <span class='ocrx_word' id='word_1_19' title='bbox 696 631 786 693; x_wconf 77' lang='lat' dir='ltr'><strong>essa,</strong></span> <span class='ocrx_word' id='word_1_20' title='bbox 811 606 864 676; x_wconf 93' lang='lat' dir='ltr'><strong>dic</strong></span> <span class='ocrx_word' id='word_1_21' title='bbox 880 607 982 695; x_wconf 88' lang='lat' dir='ltr'><strong>mihi,</strong></span> <span class='ocrx_word' id='word_1_22' title='bbox 1005 610 1177 678; x_wconf 88' lang='lat' dir='ltr'><strong>Parmeno.</strong></span> 
     </span>
    </p>

    <p class='ocr_par' dir='ltr' id='par_1_4' title="bbox 222 713 1074 810">
     <span class='ocr_line' id='line_1_4' title="bbox 222 713 1074 810; baseline -0.008 -21"><span class='ocrx_word' id='word_1_23' title='bbox 222 723 305 791; x_wconf 77' lang='lat' dir='ltr'><strong>Pan.</strong></span> <span class='ocrx_word' id='word_1_24' title='bbox 327 719 404 787; x_wconf 92' lang='lat' dir='ltr'><strong>Non</strong></span> <span class='ocrx_word' id='word_1_25' title='bbox 422 730 472 786; x_wconf 87' lang='lat' dir='ltr'><strong>est</strong></span> <span class='ocrx_word' id='word_1_26' title='bbox 487 739 571 810; x_wconf 88' lang='lat' dir='ltr'><strong>opus</strong></span> <span class='ocrx_word' id='word_1_27' title='bbox 589 713 745 809; x_wconf 87' lang='lat' dir='ltr'><strong>prolato:</strong></span> <span class='ocrx_word' id='word_1_28' title='bbox 766 713 831 782; x_wconf 90' lang='lat' dir='ltr'><strong>hoc</strong></span> <span class='ocrx_word' id='word_1_29' title='bbox 848 715 1074 808; x_wconf 81' lang='lat' dir='ltr'>percontarier</span> 
     </span>
    </p>

    <p class='ocr_par' dir='ltr' id='par_1_5' title="bbox 221 819 1286 916">
     <span class='ocr_line' id='line_1_5' title="bbox 221 819 1286 916; baseline -0.013 -20"><span class='ocrx_word' id='word_1_30' title='bbox 221 827 358 896; x_wconf 85' lang='lat' dir='ltr'><strong>Desiste.</strong></span> <span class='ocrx_word' id='word_1_31' title='bbox 377 825 440 891; x_wconf 81' lang='lat' dir='ltr'><strong>Pu.</strong></span> <span class='ocrx_word' id='word_1_32' title='bbox 458 821 588 915; x_wconf 86' lang='lat' dir='ltr'><strong>Nempe</strong></span> <span class='ocrx_word' id='word_1_33' title='bbox 605 843 644 890; x_wconf 82' lang='lat' dir='ltr'><strong>ea</strong></span> <span class='ocrx_word' id='word_1_34' title='bbox 660 843 776 905; x_wconf 87' lang='lat' dir='ltr'><strong>causa,</strong></span> <span class='ocrx_word' id='word_1_35' title='bbox 791 833 829 888; x_wconf 93' lang='lat' dir='ltr'><strong>ut</strong></span> <span class='ocrx_word' id='word_1_36' title='bbox 842 843 885 888; x_wconf 89' lang='lat' dir='ltr'><strong>nc</strong></span> <span class='ocrx_word' id='word_1_37' title='bbox 897 820 931 889; x_wconf 95' lang='lat' dir='ltr'><strong>id</strong></span> <span class='ocrx_word' id='word_1_38' title='bbox 945 819 1003 890; x_wconf 86' lang='lat' dir='ltr'><strong>fiat</strong></span> <span class='ocrx_word' id='word_1_39' title='bbox 1018 819 1138 916; x_wconf 87' lang='lat' dir='ltr'><strong>palam.</strong></span> <span class='ocrx_word' id='word_1_40' title='bbox 1250 844 1286 884; x_wconf 70' lang='grc' dir='ltr'><strong>ωε</strong></span> 
     </span>
    </p>
   </div>
   <div class='ocr_carea' id='block_1_3' title="bbox 175 926 1286 1952">
    <p class='ocr_par' dir='ltr' id='par_1_6' title="bbox 221 926 1064 1022">
     <span class='ocr_line' id='line_1_6' title="bbox 221 926 1064 1022; baseline -0.007 -20"><span class='ocrx_word' id='word_1_41' title='bbox 221 937 273 1002; x_wconf 86' lang='lat' dir='ltr'><strong>lta</strong></span> <span class='ocrx_word' id='word_1_42' title='bbox 288 955 341 1000; x_wconf 87' lang='lat' dir='ltr'><strong>me</strong></span> <span class='ocrx_word' id='word_1_43' title='bbox 357 928 403 999; x_wconf 90' lang='lat' dir='ltr'><strong>Di</strong></span> <span class='ocrx_word' id='word_1_44' title='bbox 423 928 596 1015; x_wconf 87' lang='lat' dir='ltr'><strong>amabunt,</strong></span> <span class='ocrx_word' id='word_1_45' title='bbox 616 926 707 996; x_wconf 86' lang='lat' dir='ltr'><strong>haud</strong></span> <span class='ocrx_word' id='word_1_46' title='bbox 728 939 904 1020; x_wconf 80' lang='lat' dir='ltr'><strong>propterea</strong></span> <span class='ocrx_word' id='word_1_47' title='bbox 918 941 951 996; x_wconf 89' lang='lat' dir='ltr'><strong>te</strong></span> <span class='ocrx_word' id='word_1_48' title='bbox 964 951 1064 1022; x_wconf 82' lang='lat' dir='ltr'><strong>rogo,</strong></span> 
     </span>
    </p>

    <p class='ocr_par' dir='ltr' id='par_1_7' title="bbox 219 1031 1140 1130">
     <span class='ocr_line' id='line_1_7' title="bbox 219 1031 1140 1130; baseline -0.007 -23"><span class='ocrx_word' id='word_1_49' title='bbox 219 1041 267 1108; x_wconf 90' lang='lat' dir='ltr'><strong>Ut</strong></span> <span class='ocrx_word' id='word_1_50' title='bbox 283 1037 350 1106; x_wconf 91' lang='lat' dir='ltr'><strong>hoc</strong></span> <span class='ocrx_word' id='word_1_51' title='bbox 372 1033 556 1130; x_wconf 82' lang='lat' dir='ltr'><strong>proferam,</strong></span> <span class='ocrx_word' id='word_1_52' title='bbox 582 1033 640 1106; x_wconf 84' lang='lat' dir='ltr'><strong>sed</strong></span> <span class='ocrx_word' id='word_1_53' title='bbox 654 1048 692 1102; x_wconf 92' lang='lat' dir='ltr'><strong>ut</strong></span> <span class='ocrx_word' id='word_1_54' title='bbox 706 1033 806 1102; x_wconf 87' lang='lat' dir='ltr'><strong>tacita</strong></span> <span class='ocrx_word' id='word_1_55' title='bbox 821 1057 952 1105; x_wconf 89' lang='lat' dir='ltr'><strong>mecum</strong></span> <span class='ocrx_word' id='word_1_56' title='bbox 967 1031 1140 1128; x_wconf 79' lang='lat' dir='ltr'>gaudeam.</span> 
     </span>
    </p>

    <p class='ocr_par' dir='ltr' id='par_1_8' title="bbox 219 1138 1232 1236">
     <span class='ocr_line' id='line_1_8' title="bbox 219 1138 1232 1236; baseline -0.006 -24"><span class='ocrx_word' id='word_1_57' title='bbox 219 1147 304 1214; x_wconf 81' lang='lat' dir='ltr'><strong>Pna.</strong></span> <span class='ocrx_word' id='word_1_58' title='bbox 322 1143 501 1234; x_wconf 82' lang='lat' dir='ltr'><strong>Nunquam</strong></span> <span class='ocrx_word' id='word_1_59' title='bbox 519 1140 608 1209; x_wconf 85' lang='lat' dir='ltr'><strong>dices</strong></span> <span class='ocrx_word' id='word_1_60' title='bbox 627 1154 696 1212; x_wconf 89' lang='lat' dir='ltr'><strong>tam</strong></span> <span class='ocrx_word' id='word_1_61' title='bbox 711 1138 902 1228; x_wconf 86' lang='lat' dir='ltr'><strong>commode,</strong></span> <span class='ocrx_word' id='word_1_62' title='bbox 922 1153 960 1208; x_wconf 92' lang='lat' dir='ltr'><strong>ut</strong></span> <span class='ocrx_word' id='word_1_63' title='bbox 973 1154 1104 1236; x_wconf 84' lang='lat' dir='ltr'><strong>tergum</strong></span> <span class='ocrx_word' id='word_1_64' title='bbox 1117 1161 1232 1208; x_wconf 86' lang='lat' dir='ltr'><strong>meum</strong></span> 
     </span>
    </p>

    <p class='ocr_par' dir='ltr' id='par_1_9' title="bbox 219 1243 1208 1334">
     <span class='ocr_line' id='line_1_9' title="bbox 219 1243 1208 1334; baseline -0.002 -18"><span class='ocrx_word' id='word_1_65' title='bbox 219 1254 325 1318; x_wconf 77' lang='lat' dir='ltr'><strong>Tuam</strong></span> <span class='ocrx_word' id='word_1_66' title='bbox 341 1250 375 1316; x_wconf 93' lang='lat' dir='ltr'><strong>in</strong></span> <span class='ocrx_word' id='word_1_67' title='bbox 394 1246 493 1316; x_wconf 90' lang='lat' dir='ltr'><strong>fidem</strong></span> <span class='ocrx_word' id='word_1_68' title='bbox 515 1248 730 1316; x_wconf 75' lang='lat' dir='ltr'><strong>committam.</strong></span> <span class='ocrx_word' id='word_1_69' title='bbox 752 1246 817 1313; x_wconf 78' lang='lat' dir='ltr'><strong>Pu.</strong></span> <span class='ocrx_word' id='word_1_70' title='bbox 833 1247 904 1334; x_wconf 86' lang='lat' dir='ltr'><strong>Ah,</strong></span> <span class='ocrx_word' id='word_1_71' title='bbox 925 1243 1009 1332; x_wconf 89' lang='lat' dir='ltr'><strong>noli,</strong></span> <span class='ocrx_word' id='word_1_72' title='bbox 1031 1248 1208 1315; x_wconf 79' lang='lat' dir='ltr'><strong>Parmeno.</strong></span> 
     </span>
    </p>

    <p class='ocr_par' dir='ltr' id='par_1_10' title="bbox 175 1351 1199 1444">
     <span class='ocr_line' id='line_1_10' title="bbox 175 1351 1199 1444; baseline -0.007 -19"><span class='ocrx_word' id='word_1_73' title='bbox 175 1375 185 1396; x_wconf 63' lang='lat'>⁸</span> <span class='ocrx_word' id='word_1_74' title='bbox 220 1355 324 1444; x_wconf 89' lang='lat' dir='ltr'><strong>Quasi</strong></span> <span class='ocrx_word' id='word_1_75' title='bbox 336 1369 374 1424; x_wconf 92' lang='lat' dir='ltr'><strong>tu</strong></span> <span class='ocrx_word' id='word_1_76' title='bbox 388 1377 456 1422; x_wconf 89' lang='lat' dir='ltr'><strong>non</strong></span> <span class='ocrx_word' id='word_1_77' title='bbox 472 1351 578 1422; x_wconf 88' lang='lat' dir='ltr'><strong>multo</strong></span> <span class='ocrx_word' id='word_1_78' title='bbox 593 1351 687 1422; x_wconf 85' lang='lat' dir='ltr'><strong>malis</strong></span> <span class='ocrx_word' id='word_1_79' title='bbox 705 1373 841 1420; x_wconf 85' lang='lat' dir='ltr'><strong>narrare</strong></span> <span class='ocrx_word' id='word_1_80' title='bbox 853 1353 919 1422; x_wconf 91' lang='lat' dir='ltr'><strong>hoc</strong></span> <span class='ocrx_word' id='word_1_81' title='bbox 934 1351 1032 1440; x_wconf 91' lang='lat' dir='ltr'><strong>mihi,</strong></span> <span class='ocrx_word' id='word_1_82' title='bbox 1196 1359 1199 1368; x_wconf 86' lang='lat'>&#39;</span> 
     </span>
    </p>

    <p class='ocr_par' dir='ltr' id='par_1_11' title="bbox 219 1445 1286 1554">
     <span class='ocr_line' id='line_1_11' title="bbox 219 1445 1286 1554; baseline -0.006 -23"><span class='ocrx_word' id='word_1_83' title='bbox 219 1463 329 1550; x_wconf 88' lang='lat' dir='ltr'><strong>Quam</strong></span> <span class='ocrx_word' id='word_1_84' title='bbox 344 1485 420 1554; x_wconf 84' lang='lat' dir='ltr'><strong>ego,</strong></span> <span class='ocrx_word' id='word_1_85' title='bbox 437 1445 717 1553; x_wconf 46' lang='lat' dir='ltr'><strong>quae&#39;percoutom</strong></span> <span class='ocrx_word' id='word_1_86' title='bbox 729 1457 822 1526; x_wconf 88' lang='lat' dir='ltr'><strong>scire.</strong></span> <span class='ocrx_word' id='word_1_87' title='bbox 833 1461 920 1529; x_wconf 77' lang='lat' dir='ltr'><strong>Pars.</strong></span> <span class='ocrx_word' id='word_1_88' title='bbox 929 1461 1020 1528; x_wconf 80' lang='lat' dir='ltr'><strong>Vera</strong></span> <span class='ocrx_word' id='word_1_89' title='bbox 1030 1458 1102 1528; x_wconf 69' lang='lat' dir='ltr'><strong>haec</strong></span> <span class='ocrx_word' id='word_1_90' title='bbox 1111 1456 1286 1553; x_wconf 66' lang='lat' dir='ltr'><strong>praedicat,</strong></span> 
     </span>
    </p>

    <p class='ocr_par' dir='ltr' id='par_1_12' title="bbox 219 1555 1251 1636">
     <span class='ocr_line' id='line_1_12' title="bbox 219 1555 1251 1636; baseline -0.005 0"><span class='ocrx_word' id='word_1_91' title='bbox 219 1571 263 1636; x_wconf 92' lang='lat' dir='ltr'><strong>Et</strong></span> <span class='ocrx_word' id='word_1_92' title='bbox 278 1566 355 1636; x_wconf 90' lang='lat' dir='ltr'><strong>illuc</strong></span> <span class='ocrx_word' id='word_1_93' title='bbox 370 1566 452 1636; x_wconf 87' lang='lat' dir='ltr'><strong>mihi</strong></span> <span class='ocrx_word' id='word_1_94' title='bbox 465 1566 582 1634; x_wconf 88' lang='lat' dir='ltr'><strong>vitium</strong></span> <span class='ocrx_word' id='word_1_95' title='bbox 596 1580 646 1635; x_wconf 89' lang='lat' dir='ltr'><strong>est</strong></span> <span class='ocrx_word' id='word_1_96' title='bbox 659 1586 851 1634; x_wconf 88' lang='lat' dir='ltr'><strong>maxumum</strong></span> <span class='ocrx_word' id='word_1_97' title='bbox 872 1591 880 1632; x_wconf 74' lang='grc' dir='ltr'>ι</span> <span class='ocrx_word' id='word_1_98' title='bbox 900 1563 1000 1634; x_wconf 88' lang='lat' dir='ltr'><strong>fidem</strong></span> <span class='ocrx_word' id='word_1_99' title='bbox 1016 1564 1098 1634; x_wconf 91' lang='lat' dir='ltr'><strong>mihi</strong></span> <span class='ocrx_word' id='word_1_100' title='bbox 1154 1557 1160 1568; x_wconf 84' lang='grc'><strong>’</strong></span> <span class='ocrx_word' id='word_1_101' title='bbox 1249 1555 1251 1559; x_wconf 61' lang='grc'><strong>’</strong></span> 
     </span>
    </p>

    <p class='ocr_par' dir='ltr' id='par_1_13' title="bbox 218 1669 1161 1768">
     <span class='ocr_line' id='line_1_13' title="bbox 218 1669 1161 1768; baseline -0.004 -26"><span class='ocrx_word' id='word_1_102' title='bbox 218 1676 251 1742; x_wconf 91' lang='lat' dir='ltr'><strong>Si</strong></span> <span class='ocrx_word' id='word_1_103' title='bbox 263 1673 335 1762; x_wconf 86' lang='lat' dir='ltr'><strong>das,</strong></span> <span class='ocrx_word' id='word_1_104' title='bbox 357 1687 390 1742; x_wconf 89' lang='lat' dir='ltr'><strong>te</strong></span> <span class='ocrx_word' id='word_1_105' title='bbox 402 1673 595 1760; x_wconf 86' lang='lat' dir='ltr'><strong>tacituram,</strong></span> <span class='ocrx_word' id='word_1_106' title='bbox 608 1671 727 1742; x_wconf 88' lang='lat' dir='ltr'><strong>dicam.</strong></span> <span class='ocrx_word' id='word_1_107' title='bbox 740 1673 804 1739; x_wconf 83' lang='grc' dir='ltr'><strong>ΡΗ.</strong></span> <span class='ocrx_word' id='word_1_108' title='bbox 818 1672 871 1742; x_wconf 82' lang='lat' dir='ltr'><strong>nd</strong></span> <span class='ocrx_word' id='word_1_109' title='bbox 883 1673 1052 1768; x_wconf 82' lang='lat' dir='ltr'><strong>ingenium</strong></span> <span class='ocrx_word' id='word_1_110' title='bbox 1066 1669 1161 1740; x_wconf 89' lang='lat' dir='ltr'><strong>redis.</strong></span> 
     </span>
    </p>

    <p class='ocr_par' dir='ltr' id='par_1_14' title="bbox 218 1773 1285 1952">
     <span class='ocr_line' id='line_1_14' title="bbox 218 1773 1285 1872; baseline -0.003 -23"><span class='ocrx_word' id='word_1_111' title='bbox 218 1779 332 1850; x_wconf 82' lang='lat' dir='ltr'><strong>Fidem</strong></span> <span class='ocrx_word' id='word_1_112' title='bbox 343 1777 387 1848; x_wconf 94' lang='lat' dir='ltr'><strong>do</strong></span> <span class='ocrx_word' id='word_1_113' title='bbox 397 1778 555 1872; x_wconf 83' lang='lat' dir='ltr'><strong>:loquere</strong></span> <span class='ocrx_word' id='word_1_114' title='bbox 567 1779 655 1850; x_wconf 79' lang='lat' dir='ltr'><strong>Pau.</strong></span> <span class='ocrx_word' id='word_1_115' title='bbox 665 1779 832 1852; x_wconf 85' lang='lat' dir='ltr'><strong>Ausculta.</strong></span> <span class='ocrx_word' id='word_1_116' title='bbox 839 1773 902 1850; x_wconf 79' lang='lat' dir='ltr'><strong>Pu.</strong></span> <span class='ocrx_word' id='word_1_117' title='bbox 910 1779 990 1850; x_wconf 89' lang='lat' dir='ltr'><strong>Istic</strong></span> <span class='ocrx_word' id='word_1_118' title='bbox 998 1803 1082 1850; x_wconf 88' lang='lat' dir='ltr'><strong>sum.</strong></span> <span class='ocrx_word' id='word_1_119' title='bbox 1092 1777 1178 1848; x_wconf 77' lang='lat' dir='ltr'><strong>Pau.</strong></span> <span class='ocrx_word' id='word_1_120' title='bbox 1186 1777 1285 1850; x_wconf 80' lang='lat' dir='ltr'><strong>Hanc</strong></span> 
     </span>
     <span class='ocr_line' id='line_1_15' title="bbox 374 1884 572 1952; baseline 0 0"><span class='ocrx_word' id='word_1_121' title='bbox 374 1884 572 1952; x_wconf 86' lang='lat' dir='ltr'><strong>Bacchidem</strong></span> 
     </span>
    </p>
   </div>
   <div class='ocr_carea' id='block_1_4' title="bbox 253 2054 1285 2212">
    <p class='ocr_par' dir='ltr' id='par_1_15' title="bbox 253 2054 1285 2212">
     <span class='ocr_line' id='line_1_16' title="bbox 253 2054 1284 2130; baseline 0.001 -20"><span class='ocrx_word' id='word_1_122' title='bbox 253 2075 312 2110; x_wconf 81' lang='lat' dir='ltr'><strong>roa.</strong></span> <span class='ocrx_word' id='word_1_123' title='bbox 324 2062 354 2110; x_wconf 77' lang='lat' dir='ltr'><strong>ln</strong></span> <span class='ocrx_word' id='word_1_124' title='bbox 368 2075 419 2106; x_wconf 79' lang='lat' dir='ltr'><strong>rem</strong></span> <span class='ocrx_word' id='word_1_125' title='bbox 431 2058 521 2106; x_wconf 75' lang='lat' dir='ltr'><strong>Bacch.</strong></span> <span class='ocrx_word' id='word_1_126' title='bbox 532 2056 560 2107; x_wconf 89' lang='lat' dir='ltr'><strong>in</strong></span> <span class='ocrx_word' id='word_1_127' title='bbox 574 2056 724 2111; x_wconf 81' lang='lat' dir='ltr'><strong>utilitatem.</strong></span> <span class='ocrx_word' id='word_1_128' title='bbox 767 2059 901 2122; x_wconf 83' lang='lat' dir='ltr'><strong>nolo.Vel,</strong></span> <span class='ocrx_word' id='word_1_129' title='bbox 911 2069 942 2110; x_wconf 91' lang='lat' dir='ltr'><strong>ut</strong></span> <span class='ocrx_word' id='word_1_130' title='bbox 952 2067 1037 2130; x_wconf 83' lang='lat' dir='ltr'><strong>putat,</strong></span> <span class='ocrx_word' id='word_1_131' title='bbox 1048 2054 1159 2122; x_wconf 85' lang='lat' dir='ltr'><strong>melius,</strong></span> <span class='ocrx_word' id='word_1_132' title='bbox 1172 2061 1207 2109; x_wconf 76' lang='lat' dir='ltr'><strong>alt</strong></span> <span class='ocrx_word' id='word_1_133' title='bbox 1217 2061 1284 2111; x_wconf 75' lang='lat' dir='ltr'><strong>nori.</strong></span> 
     </span>
     <span class='ocr_line' id='line_1_17' title="bbox 254 2135 1285 2212; baseline -0.001 -23"><span class='ocrx_word' id='word_1_134' title='bbox 254 2141 312 2192; x_wconf 79' lang='lat'><strong>103.</strong></span> <span class='ocrx_word' id='word_1_135' title='bbox 333 2143 398 2190; x_wconf 79' lang='lat' dir='ltr'><strong>Istuc</strong></span> <span class='ocrx_word' id='word_1_136' title='bbox 414 2140 452 2188; x_wconf 82' lang='lat' dir='ltr'><strong>ito</strong></span> <span class='ocrx_word' id='word_1_137' title='bbox 467 2155 525 2188; x_wconf 77' lang='lat' dir='ltr'><strong>esso.</strong></span> <span class='ocrx_word' id='word_1_138' title='bbox 539 2135 602 2190; x_wconf 81' lang='lat' dir='ltr'><strong>scit.</strong></span> <span class='ocrx_word' id='word_1_139' title='bbox 616 2138 724 2212; x_wconf 82' lang='lat' dir='ltr'><strong>nuptias</strong></span> <span class='ocrx_word' id='word_1_140' title='bbox 767 2168 803 2179; x_wconf 97' lang='lat'>-</span> <span class='ocrx_word' id='word_1_141' title='bbox 813 2143 845 2189; x_wconf 84' lang='lat' dir='ltr'><strong>Ue</strong></span> <span class='ocrx_word' id='word_1_142' title='bbox 855 2153 915 2206; x_wconf 69' lang='lat' dir='ltr'><strong>serg.</strong></span> <span class='ocrx_word' id='word_1_143' title='bbox 932 2155 981 2189; x_wconf 78' lang='lat' dir='ltr'><strong>m.</strong></span> <span class='ocrx_word' id='word_1_144' title='bbox 999 2138 1077 2190; x_wconf 69' lang='lat' dir='ltr'><strong>liram</strong></span> <span class='ocrx_word' id='word_1_145' title='bbox 1088 2139 1115 2188; x_wconf 84' lang='lat' dir='ltr'><strong>in</strong></span> <span class='ocrx_word' id='word_1_146' title='bbox 1123 2138 1208 2207; x_wconf 74' lang='lat' dir='ltr'><strong>fidem</strong></span> <span class='ocrx_word' id='word_1_147' title='bbox 1217 2157 1285 2188; x_wconf 86' lang='lat' dir='ltr'><strong>com·</strong></span> 
     </span>
    </p>
   </div>
   <div class='ocr_carea' id='block_1_5' title="bbox 216 2216 1387 2373">
    <p class='ocr_par' dir='ltr' id='par_1_16' title="bbox 216 2216 1387 2373">
     <span class='ocr_line' id='line_1_18' title="bbox 216 2216 1387 2288; baseline -0.003 -18"><span class='ocrx_word' id='word_1_148' title='bbox 216 2217 407 2273; x_wconf 75' lang='lat' dir='ltr'><strong>arreinflrrnas</strong></span> <span class='ocrx_word' id='word_1_149' title='bbox 795 2219 867 2270; x_wconf 75' lang='lat' dir='ltr'><strong>‘etam</strong></span> <span class='ocrx_word' id='word_1_150' title='bbox 880 2217 915 2270; x_wconf 87' lang='lat' dir='ltr'><strong>H.</strong></span> <span class='ocrx_word' id='word_1_151' title='bbox 932 2216 1284 2288; x_wconf 69' lang='lat' dir='ltr'><strong>merniliserrnonepro,</strong></span> <span class='ocrx_word' id='word_1_152' title='bbox 1386 2225 1387 2274; x_wconf 70' lang='lat' dir='ltr'><strong>l</strong></span> 
     </span>
     <span class='ocr_line' id='line_1_19' title="bbox 254 2293 1387 2373; baseline -0.002 -23"><span class='ocrx_word' id='word_1_153' title='bbox 254 2302 313 2360; x_wconf 71' lang='lat' dir='ltr'><strong>rod.</strong></span> <span class='ocrx_word' id='word_1_154' title='bbox 327 2299 385 2346; x_wconf 85' lang='lat' dir='ltr'><strong>Non</strong></span> <span class='ocrx_word' id='word_1_155' title='bbox 398 2307 436 2346; x_wconf 79' lang='lat' dir='ltr'><strong>est</strong></span> <span class='ocrx_word' id='word_1_156' title='bbox 445 2311 504 2362; x_wconf 81' lang='lat' dir='ltr'><strong>opus</strong></span> <span class='ocrx_word' id='word_1_157' title='bbox 514 2295 623 2360; x_wconf 61' lang='lat' dir='ltr'><strong>priato.</strong></span> <span class='ocrx_word' id='word_1_158' title='bbox 644 2293 677 2344; x_wconf 84' lang='lat' dir='ltr'><strong>H.</strong></span> <span class='ocrx_word' id='word_1_159' title='bbox 697 2313 722 2346; x_wconf 87' lang='lat' dir='ltr'><strong>c.</strong></span> <span class='ocrx_word' id='word_1_160' title='bbox 767 2299 810 2364; x_wconf 68' lang='lat' dir='ltr'><strong>utl,</strong></span> <span class='ocrx_word' id='word_1_161' title='bbox 827 2297 849 2348; x_wconf 90' lang='lat' dir='ltr'><strong>si</strong></span> <span class='ocrx_word' id='word_1_162' title='bbox 867 2294 989 2349; x_wconf 82' lang='lat' dir='ltr'><strong>tolidem</strong></span> <span class='ocrx_word' id='word_1_163' title='bbox 1004 2296 1099 2362; x_wconf 78' lang='lat' dir='ltr'><strong>fallas,</strong></span> <span class='ocrx_word' id='word_1_164' title='bbox 1115 2295 1283 2366; x_wconf 76' lang='lat' dir='ltr'><strong>egoploetur</strong></span> <span class='ocrx_word' id='word_1_165' title='bbox 1386 2347 1387 2373; x_wconf 16' lang='grc' dir='ltr'><em>Χ</em></span> 
     </span>
    </p>
   </div>
   <div class='ocr_carea' id='block_1_6' title="bbox 216 2367 1283 2525">
    <p class='ocr_par' dir='ltr' id='par_1_17' title="bbox 216 2367 1283 2525">
     <span class='ocr_line' id='line_1_20' title="bbox 216 2367 1282 2447; baseline -0.004 -17"><span class='ocrx_word' id='word_1_166' title='bbox 216 2395 272 2430; x_wconf 86' lang='lat' dir='ltr'><strong>non</strong></span> <span class='ocrx_word' id='word_1_167' title='bbox 286 2393 354 2447; x_wconf 83' lang='lat' dir='ltr'><strong>opus</strong></span> <span class='ocrx_word' id='word_1_168' title='bbox 367 2386 405 2426; x_wconf 91' lang='lat' dir='ltr'><strong>est</strong></span> <span class='ocrx_word' id='word_1_169' title='bbox 417 2371 445 2424; x_wconf 91' lang='lat' dir='ltr'><strong>id</strong></span> <span class='ocrx_word' id='word_1_170' title='bbox 456 2371 598 2426; x_wconf 75' lang='lat' dir='ltr'><strong>declarare.</strong></span> <span class='ocrx_word' id='word_1_171' title='bbox 766 2367 1282 2447; x_wconf 63' lang='lat' dir='ltr'><strong>pendens.-·-At,n01i,1’ameno.supp.</strong></span> 
     </span>
     <span class='ocr_line' id='line_1_21' title="bbox 254 2452 1283 2525; baseline 0 -17"><span class='ocrx_word' id='word_1_172' title='bbox 254 2453 311 2508; x_wconf 81' lang='lat'><strong>105.</strong></span> <span class='ocrx_word' id='word_1_173' title='bbox 325 2454 370 2505; x_wconf 82' lang='lat' dir='ltr'><strong>Br.</strong></span> <span class='ocrx_word' id='word_1_174' title='bbox 387 2452 533 2524; x_wconf 82' lang='lat' dir='ltr'><strong>interrogat</strong></span> <span class='ocrx_word' id='word_1_175' title='bbox 555 2461 615 2521; x_wconf 87' lang='lat' dir='ltr'><strong>post</strong></span> <span class='ocrx_word' id='word_1_176' title='bbox 625 2455 723 2519; x_wconf 66' lang='lat' dir='ltr'><strong>poton.</strong></span> <span class='ocrx_word' id='word_1_177' title='bbox 767 2453 857 2507; x_wconf 83' lang='lat' dir='ltr'><strong>dicore</strong></span> <span class='ocrx_word' id='word_1_178' title='bbox 869 2454 940 2507; x_wconf 83' lang='lat' dir='ltr'><strong>talia.</strong></span> <span class='ocrx_word' id='word_1_179' title='bbox 949 2453 1099 2509; x_wconf 75' lang='lat' dir='ltr'><strong>Artificiosa</strong></span> <span class='ocrx_word' id='word_1_180' title='bbox 1109 2473 1138 2506; x_wconf 88' lang='lat' dir='ltr'><strong>se</strong></span> <span class='ocrx_word' id='word_1_181' title='bbox 1148 2454 1283 2525; x_wconf 76' lang='lat' dir='ltr'><strong>tingitan-</strong></span> 
     </span>
    </p>
   </div>
   <div class='ocr_carea' id='block_1_7' title="bbox 215 2531 1386 2602">
    <p class='ocr_par' dir='ltr' id='par_1_18' title="bbox 215 2531 1386 2602">
     <span class='ocr_line' id='line_1_22' title="bbox 215 2531 1386 2602; baseline 0.001 -16"><span class='ocrx_word' id='word_1_182' title='bbox 215 2539 487 2602; x_wconf 75' lang='lat' dir='ltr'><strong>-Neraperacausa,</strong></span> <span class='ocrx_word' id='word_1_183' title='bbox 501 2543 550 2584; x_wconf 78' lang='lat' dir='ltr'><strong>etc.</strong></span> <span class='ocrx_word' id='word_1_184' title='bbox 560 2531 659 2602; x_wconf 83' lang='lat' dir='ltr'><strong>Supple</strong></span> <span class='ocrx_word' id='word_1_185' title='bbox 675 2549 722 2583; x_wconf 85' lang='lat' dir='ltr'><strong>an·</strong></span> <span class='ocrx_word' id='word_1_186' title='bbox 767 2532 826 2587; x_wconf 81' lang='lat' dir='ltr'><strong>dire</strong></span> <span class='ocrx_word' id='word_1_187' title='bbox 840 2533 921 2597; x_wconf 83' lang='lat' dir='ltr'><strong>nollo,</strong></span> <span class='ocrx_word' id='word_1_188' title='bbox 937 2545 967 2586; x_wconf 90' lang='lat' dir='ltr'><strong>ut</strong></span> <span class='ocrx_word' id='word_1_189' title='bbox 979 2534 1095 2588; x_wconf 81' lang='lat' dir='ltr'><strong>tacitura</strong></span> <span class='ocrx_word' id='word_1_190' title='bbox 1112 2532 1249 2597; x_wconf 83' lang='lat' dir='ltr'><strong>credatur,</strong></span> <span class='ocrx_word' id='word_1_191' title='bbox 1259 2535 1284 2587; x_wconf 83' lang='lat' dir='ltr'><strong>si</strong></span> <span class='ocrx_word' id='word_1_192' title='bbox 1385 2551 1386 2580; x_wconf 65' lang='grc' dir='ltr'>ι</span> 
     </span>
    </p>
   </div>
   <div class='ocr_carea' id='block_1_8' title="bbox 212 2611 1284 3157">
    <p class='ocr_par' dir='ltr' id='par_1_19' title="bbox 213 2611 1284 2684">
     <span class='ocr_line' id='line_1_23' title="bbox 213 2611 1284 2684; baseline -0.005 -15"><span class='ocrx_word' id='word_1_193' title='bbox 213 2631 270 2680; x_wconf 82' lang='lat' dir='ltr'><strong>tea,</strong></span> <span class='ocrx_word' id='word_1_194' title='bbox 280 2641 293 2660; x_wconf 73' lang='grc' dir='ltr'><strong>ιι</strong></span> <span class='ocrx_word' id='word_1_195' title='bbox 300 2615 340 2668; x_wconf 84' lang='lat' dir='ltr'><strong>vis</strong></span> <span class='ocrx_word' id='word_1_196' title='bbox 348 2631 393 2665; x_wconf 88' lang='lat' dir='ltr'><strong>me</strong></span> <span class='ocrx_word' id='word_1_197' title='bbox 400 2611 528 2664; x_wconf 71' lang='lat' dir='ltr'><strong>desistere</strong></span> <span class='ocrx_word' id='word_1_198' title='bbox 535 2611 719 2682; x_wconf 67' lang='lat' dir='ltr'><strong>pemonmrier,</strong></span> <span class='ocrx_word' id='word_1_199' title='bbox 766 2611 879 2666; x_wconf 82' lang='lat' dir='ltr'><strong>audierit</strong></span> <span class='ocrx_word' id='word_1_200' title='bbox 889 2630 896 2666; x_wconf 92' lang='lat'>:</span> <span class='ocrx_word' id='word_1_201' title='bbox 907 2613 969 2684; x_wconf 85' lang='lat' dir='ltr'><strong>quia</strong></span> <span class='ocrx_word' id='word_1_202' title='bbox 979 2612 1120 2668; x_wconf 78' lang='lat' dir='ltr'><strong>curiositas</strong></span> <span class='ocrx_word' id='word_1_203' title='bbox 1128 2612 1234 2684; x_wconf 75' lang='lat' dir='ltr'><strong>siguum</strong></span> <span class='ocrx_word' id='word_1_204' title='bbox 1242 2624 1284 2665; x_wconf 80' lang='lat' dir='ltr'><strong>est</strong></span> 
     </span>
    </p>

    <p class='ocr_par' dir='ltr' id='par_1_20' title="bbox 214 2691 1282 2774">
     <span class='ocr_line' id='line_1_24' title="bbox 214 2691 1282 2774; baseline -0.004 -25"><span class='ocrx_word' id='word_1_205' title='bbox 214 2713 309 2766; x_wconf 85' lang='lat' dir='ltr'><strong>nempe</strong></span> <span class='ocrx_word' id='word_1_206' title='bbox 317 2711 347 2746; x_wconf 85' lang='lat' dir='ltr'><strong>ea</strong></span> <span class='ocrx_word' id='word_1_207' title='bbox 358 2709 444 2750; x_wconf 87' lang='lat' dir='ltr'><strong>causa,</strong></span> <span class='ocrx_word' id='word_1_208' title='bbox 456 2691 475 2744; x_wconf 86' lang='lat' dir='ltr'><strong>i.</strong></span> <span class='ocrx_word' id='word_1_209' title='bbox 485 2709 508 2744; x_wconf 86' lang='lat' dir='ltr'><strong>e.</strong></span> <span class='ocrx_word' id='word_1_210' title='bbox 518 2709 551 2743; x_wconf 89' lang='lat' dir='ltr'><strong>eo</strong></span> <span class='ocrx_word' id='word_1_211' title='bbox 560 2691 669 2753; x_wconf 80' lang='lat' dir='ltr'><strong>timme,</strong></span> <span class='ocrx_word' id='word_1_212' title='bbox 678 2709 723 2756; x_wconf 86' lang='lat' dir='ltr'><strong>nc,</strong></span> <span class='ocrx_word' id='word_1_213' title='bbox 766 2691 945 2774; x_wconf 55' lang='lat' dir='ltr'><strong>loquacitatis.</strong></span> <span class='ocrx_word' id='word_1_214' title='bbox 957 2691 1006 2766; x_wconf 85' lang='lat' dir='ltr'><strong>¹Sic</strong></span> <span class='ocrx_word' id='word_1_215' title='bbox 1018 2691 1154 2753; x_wconf 73' lang='lat' dir='ltr'><strong>Horati,</strong></span> <span class='ocrx_word' id='word_1_216' title='bbox 1168 2692 1216 2757; x_wconf 81' lang='lat'><strong>18,</strong></span> <span class='ocrx_word' id='word_1_217' title='bbox 1228 2695 1282 2759; x_wconf 79' lang='lat'><strong>69:</strong></span> 
     </span>
    </p>

    <p class='ocr_par' dir='ltr' id='par_1_21' title="bbox 214 2770 1282 2843">
     <span class='ocr_line' id='line_1_25' title="bbox 214 2770 1282 2843; baseline 0.003 -22"><span class='ocrx_word' id='word_1_218' title='bbox 214 2778 390 2829; x_wconf 70' lang='lat' dir='ltr'><strong>ere..--Uene</strong></span> <span class='ocrx_word' id='word_1_219' title='bbox 403 2773 586 2840; x_wconf 76' lang='lat' dir='ltr'><strong>idfiarpalom,</strong></span> <span class='ocrx_word' id='word_1_220' title='bbox 595 2770 722 2842; x_wconf 81' lang='lat' dir='ltr'><strong>intellige,</strong></span> <span class='ocrx_word' id='word_1_221' title='bbox 770 2797 781 2819; x_wconf 86' lang='grc' dir='ltr'>ι</span> <span class='ocrx_word' id='word_1_222' title='bbox 794 2773 1010 2824; x_wconf 80' lang='lat' dir='ltr'><strong>percontatorem</strong></span> <span class='ocrx_word' id='word_1_223' title='bbox 1024 2771 1119 2843; x_wconf 78' lang='lat' dir='ltr'><strong>fugito,</strong></span> <span class='ocrx_word' id='word_1_224' title='bbox 1136 2789 1201 2824; x_wconf 83' lang='lat' dir='ltr'><strong>nam</strong></span> <span class='ocrx_word' id='word_1_225' title='bbox 1221 2789 1282 2842; x_wconf 76' lang='lat' dir='ltr'><strong>gar·</strong></span> 
     </span>
    </p>

    <p class='ocr_par' dir='ltr' id='par_1_22' title="bbox 214 2847 1011 2924">
     <span class='ocr_line' id='line_1_26' title="bbox 214 2847 1011 2924; baseline -0.004 -19"><span class='ocrx_word' id='word_1_226' title='bbox 214 2873 248 2908; x_wconf 83' lang='lat' dir='ltr'><strong>nc</strong></span> <span class='ocrx_word' id='word_1_227' title='bbox 264 2871 315 2924; x_wconf 86' lang='lat' dir='ltr'><strong>per</strong></span> <span class='ocrx_word' id='word_1_228' title='bbox 334 2869 376 2902; x_wconf 87' lang='lat' dir='ltr'><strong>me</strong></span> <span class='ocrx_word' id='word_1_229' title='bbox 395 2847 453 2902; x_wconf 80' lang='lat' dir='ltr'><strong>aliis</strong></span> <span class='ocrx_word' id='word_1_230' title='bbox 471 2849 636 2912; x_wconf 83' lang='lat' dir='ltr'><strong>innotescat,</strong></span> <span class='ocrx_word' id='word_1_231' title='bbox 649 2849 722 2920; x_wconf 90' lang='lat' dir='ltr'><strong>quod</strong></span> <span class='ocrx_word' id='word_1_232' title='bbox 765 2851 922 2905; x_wconf 83' lang='lat' dir='ltr'><strong>rulusidem</strong></span> <span class='ocrx_word' id='word_1_233' title='bbox 936 2861 982 2904; x_wconf 87' lang='lat' dir='ltr'><strong>est.</strong></span> <span class='ocrx_word' id='word_1_234' title='bbox 998 2877 1011 2897; x_wconf 68' lang='lat' dir='ltr'><strong>a</strong></span> 
     </span>
    </p>

    <p class='ocr_par' dir='ltr' id='par_1_23' title="bbox 212 2928 1281 3080">
     <span class='ocr_line' id='line_1_27' title="bbox 212 2928 1280 3000; baseline -0.002 -16"><span class='ocrx_word' id='word_1_235' title='bbox 212 2933 280 2988; x_wconf 85' lang='lat' dir='ltr'><strong>mihi</strong></span> <span class='ocrx_word' id='word_1_236' title='bbox 293 2929 401 2984; x_wconf 83' lang='lat' dir='ltr'><strong>dixeris.</strong></span> <span class='ocrx_word' id='word_1_237' title='bbox 598 2990 601 3000; x_wconf 81' lang='lat'><strong>.</strong></span> <span class='ocrx_word' id='word_1_238' title='bbox 646 2966 650 2972; x_wconf 80' lang='lat'><em>,</em></span> <span class='ocrx_word' id='word_1_239' title='bbox 803 2928 1280 2998; x_wconf 71' lang='lat' dir='ltr'><strong>rro.Qoasirumnmu1o‚atc.San·</strong></span> 
     </span>
     <span class='ocr_line' id='line_1_28' title="bbox 250 3005 1281 3080; baseline -0.002 -16"><span class='ocrx_word' id='word_1_240' title='bbox 250 3013 307 3064; x_wconf 78' lang='lat'><strong>106.</strong></span> <span class='ocrx_word' id='word_1_241' title='bbox 317 3007 448 3060; x_wconf 72' lang='lat' dir='ltr'><strong>ItameDi</strong></span> <span class='ocrx_word' id='word_1_242' title='bbox 453 3009 581 3061; x_wconf 74' lang='lat' dir='ltr'><strong>amabunt.</strong></span> <span class='ocrx_word' id='word_1_243' title='bbox 591 3005 652 3058; x_wconf 84' lang='lat' dir='ltr'><strong>Lib.</strong></span> <span class='ocrx_word' id='word_1_244' title='bbox 664 3019 718 3064; x_wconf 83' lang='lat' dir='ltr'><strong>out.</strong></span> <span class='ocrx_word' id='word_1_245' title='bbox 763 3025 807 3061; x_wconf 82' lang='lat' dir='ltr'><strong>sus</strong></span> <span class='ocrx_word' id='word_1_246' title='bbox 823 3020 878 3062; x_wconf 84' lang='lat' dir='ltr'><strong>est:</strong></span> <span class='ocrx_word' id='word_1_247' title='bbox 895 3009 1003 3064; x_wconf 70' lang='lat' dir='ltr'><strong>«mavis</strong></span> <span class='ocrx_word' id='word_1_248' title='bbox 1020 3021 1051 3061; x_wconf 86' lang='lat' dir='ltr'><strong>tu</strong></span> <span class='ocrx_word' id='word_1_249' title='bbox 1069 3008 1178 3073; x_wconf 84' lang='lat' dir='ltr'><strong>dicere,</strong></span> <span class='ocrx_word' id='word_1_250' title='bbox 1197 3027 1281 3080; x_wconf 82' lang='lat' dir='ltr'><strong>quam</strong></span> 
     </span>
    </p>

    <p class='ocr_par' dir='ltr' id='par_1_24' title="bbox 212 3084 1281 3157">
     <span class='ocr_line' id='line_1_29' title="bbox 212 3084 1281 3157; baseline -0.001 -14"><span class='ocrx_word' id='word_1_251' title='bbox 212 3099 253 3143; x_wconf 87' lang='lat' dir='ltr'><strong>lea</strong></span> <span class='ocrx_word' id='word_1_252' title='bbox 262 3111 293 3142; x_wconf 89' lang='lat' dir='ltr'><strong>m.</strong></span> <span class='ocrx_word' id='word_1_253' title='bbox 304 3094 336 3140; x_wconf 89' lang='lat' dir='ltr'><strong>D.</strong></span> <span class='ocrx_word' id='word_1_254' title='bbox 343 3100 433 3138; x_wconf 80' lang='lat' dir='ltr'><strong>ament.</strong></span> <span class='ocrx_word' id='word_1_255' title='bbox 443 3085 522 3136; x_wconf 80' lang='lat' dir='ltr'><strong>Abest</strong></span> <span class='ocrx_word' id='word_1_256' title='bbox 533 3088 594 3136; x_wconf 82' lang='lat' dir='ltr'><strong>berre</strong></span> <span class='ocrx_word' id='word_1_257' title='bbox 606 3103 622 3136; x_wconf 81' lang='lat' dir='ltr'><strong>a</strong></span> <span class='ocrx_word' id='word_1_258' title='bbox 629 3084 718 3137; x_wconf 79' lang='lat' dir='ltr'><strong>Bemb.</strong></span> <span class='ocrx_word' id='word_1_259' title='bbox 762 3105 812 3156; x_wconf 76' lang='lat' dir='ltr'><strong>ego</strong></span> <span class='ocrx_word' id='word_1_260' title='bbox 818 3088 1024 3157; x_wconf 57' lang='lat' dir='ltr'><strong>perconter-inem</strong></span> <span class='ocrx_word' id='word_1_261' title='bbox 1030 3107 1101 3141; x_wconf 87' lang='lat' dir='ltr'><strong>nuuc</strong></span> <span class='ocrx_word' id='word_1_262' title='bbox 1107 3087 1281 3142; x_wconf 73' lang='lat' dir='ltr'><strong>Philotium</strong></span> 
     </span>
    </p>
   </div>
   <div class='ocr_carea' id='block_1_9' title="bbox 212 3165 1384 3232">
    <p class='ocr_par' dir='ltr' id='par_1_25' title="bbox 212 3165 1384 3232">
     <span class='ocr_line' id='line_1_30' title="bbox 212 3165 1384 3232; baseline -0.003 -9"><span class='ocrx_word' id='word_1_263' title='bbox 212 3171 245 3223; x_wconf 87' lang='lat' dir='ltr'><strong>Et</strong></span> <span class='ocrx_word' id='word_1_264' title='bbox 254 3167 471 3221; x_wconf 81' lang='lat' dir='ltr'><strong>amoburtFaera.</strong></span> <span class='ocrx_word' id='word_1_265' title='bbox 481 3181 512 3216; x_wconf 81' lang='lat' dir='ltr'><strong>cx</strong></span> <span class='ocrx_word' id='word_1_266' title='bbox 522 3167 637 3230; x_wconf 88' lang='lat' dir='ltr'><strong>Donato,</strong></span> <span class='ocrx_word' id='word_1_267' title='bbox 645 3165 722 3218; x_wconf 87' lang='lat' dir='ltr'><strong>metri</strong></span> <span class='ocrx_word' id='word_1_268' title='bbox 766 3177 805 3220; x_wconf 85' lang='lat' dir='ltr'><strong>ert</strong></span> <span class='ocrx_word' id='word_1_269' title='bbox 814 3166 952 3220; x_wconf 83' lang='lat' dir='ltr'><strong>instantior</strong></span> <span class='ocrx_word' id='word_1_270' title='bbox 964 3166 1015 3220; x_wconf 85' lang='lat' dir='ltr'><strong>hac</strong></span> <span class='ocrx_word' id='word_1_271' title='bbox 1024 3166 1212 3232; x_wconf 57' lang='lat' dir='ltr'><strong>calliditatum</strong></span> <span class='ocrx_word' id='word_1_272' title='bbox 1222 3185 1281 3220; x_wconf 73' lang='lat' dir='ltr'><strong>mn·</strong></span> <span class='ocrx_word' id='word_1_273' title='bbox 1383 3201 1384 3212; x_wconf 42' lang='grc' dir='ltr'>ι</span> 
     </span>
    </p>
   </div>
   <div class='ocr_carea' id='block_1_10' title="bbox 129 3242 1282 3872">
    <p class='ocr_par' dir='ltr' id='par_1_26' title="bbox 129 3242 1280 3480">
     <span class='ocr_line' id='line_1_31' title="bbox 129 3242 1280 3320; baseline -0.003 -18"><span class='ocrx_word' id='word_1_274' title='bbox 129 3301 139 3320; x_wconf 60' lang='grc'>,</span> <span class='ocrx_word' id='word_1_275' title='bbox 211 3265 291 3304; x_wconf 83' lang='lat' dir='ltr'><strong>causa</strong></span> <span class='ocrx_word' id='word_1_276' title='bbox 307 3243 449 3316; x_wconf 82' lang='lat' dir='ltr'><strong>legendum</strong></span> <span class='ocrx_word' id='word_1_277' title='bbox 461 3242 596 3314; x_wconf 75' lang='lat' dir='ltr'><strong>precepit.</strong></span> <span class='ocrx_word' id='word_1_278' title='bbox 610 3246 671 3296; x_wconf 71' lang='lat' dir='ltr'><strong>Part.</strong></span> <span class='ocrx_word' id='word_1_279' title='bbox 686 3275 722 3286; x_wconf 90' lang='lat'>-</span> <span class='ocrx_word' id='word_1_280' title='bbox 765 3245 804 3317; x_wconf 73' lang='lat' dir='ltr'><strong>gir</strong></span> <span class='ocrx_word' id='word_1_281' title='bbox 814 3263 920 3301; x_wconf 83' lang='lat' dir='ltr'><strong>servom</strong></span> <span class='ocrx_word' id='word_1_282' title='bbox 931 3245 967 3300; x_wconf 77' lang='lat' dir='ltr'><strong>ad</strong></span> <span class='ocrx_word' id='word_1_283' title='bbox 981 3245 1124 3301; x_wconf 80' lang='lat' dir='ltr'><strong>dicendum</strong></span> <span class='ocrx_word' id='word_1_284' title='bbox 1137 3259 1280 3318; x_wconf 81' lang='lat' dir='ltr'><strong>provocet.</strong></span> 
     </span>
     <span class='ocr_line' id='line_1_32' title="bbox 211 3319 1278 3395; baseline -0.003 -14"><span class='ocrx_word' id='word_1_285' title='bbox 211 3335 251 3381; x_wconf 77' lang='lat' dir='ltr'><strong>lea</strong></span> <span class='ocrx_word' id='word_1_286' title='bbox 269 3346 307 3378; x_wconf 78' lang='lat' dir='ltr'><strong>mo</strong></span> <span class='ocrx_word' id='word_1_287' title='bbox 322 3325 487 3376; x_wconf 69' lang='lat' dir='ltr'><strong>mamalum.</strong></span> <span class='ocrx_word' id='word_1_288' title='bbox 501 3319 616 3376; x_wconf 85' lang='lat' dir='ltr'><strong>Locutio</strong></span> <span class='ocrx_word' id='word_1_289' title='bbox 625 3323 720 3394; x_wconf 74' lang='lat' dir='ltr'><strong>sapius</strong></span> <span class='ocrx_word' id='word_1_290' title='bbox 803 3343 862 3380; x_wconf 82' lang='grc' dir='ltr'>ιιι.</span> <span class='ocrx_word' id='word_1_291' title='bbox 873 3333 1014 3380; x_wconf 79' lang='lat' dir='ltr'><strong>Percontor.</strong></span> <span class='ocrx_word' id='word_1_292' title='bbox 1024 3329 1056 3380; x_wconf 84' lang='lat' dir='ltr'><strong>t..</strong></span> <span class='ocrx_word' id='word_1_293' title='bbox 1071 3338 1127 3379; x_wconf 87' lang='lat' dir='ltr'><strong>ant.</strong></span> <span class='ocrx_word' id='word_1_294' title='bbox 1137 3341 1278 3395; x_wconf 76' lang='lat' dir='ltr'><strong>pmoncor.</strong></span> 
     </span>
     <span class='ocr_line' id='line_1_33' title="bbox 210 3405 1015 3480; baseline -0.004 -19"><span class='ocrx_word' id='word_1_295' title='bbox 210 3408 344 3480; x_wconf 78' lang='lat' dir='ltr'><strong>explicata·</strong></span> <span class='ocrx_word' id='word_1_296' title='bbox 763 3411 882 3468; x_wconf 77' lang='lat' dir='ltr'><strong>-ttoee,</strong></span> <span class='ocrx_word' id='word_1_297' title='bbox 895 3405 1015 3458; x_wconf 78' lang='lat' dir='ltr'><strong>Philotis.</strong></span> 
     </span>
    </p>

    <p class='ocr_par' dir='ltr' id='par_1_27' title="bbox 205 3479 1282 3794">
     <span class='ocr_line' id='line_1_34' title="bbox 248 3479 1282 3556; baseline -0.005 -17"><span class='ocrx_word' id='word_1_298' title='bbox 248 3503 307 3556; x_wconf 85' lang='lat'><strong>¹⁰7·</strong></span> <span class='ocrx_word' id='word_1_299' title='bbox 323 3490 355 3535; x_wconf 78' lang='lat' dir='ltr'><strong>Ut</strong></span> <span class='ocrx_word' id='word_1_300' title='bbox 365 3485 411 3533; x_wconf 81' lang='lat' dir='ltr'><strong>loc</strong></span> <span class='ocrx_word' id='word_1_301' title='bbox 419 3482 488 3550; x_wconf 82' lang='lat' dir='ltr'><strong>pros.</strong></span> <span class='ocrx_word' id='word_1_302' title='bbox 496 3479 572 3533; x_wconf 84' lang='lat' dir='ltr'><strong>Dolet</strong></span> <span class='ocrx_word' id='word_1_303' title='bbox 584 3481 716 3547; x_wconf 29' lang='lat' dir='ltr'><strong>loe-Both.</strong></span> <span class='ocrx_word' id='word_1_304' title='bbox 801 3501 860 3537; x_wconf 79' lang='grc' dir='ltr'><strong>ιη.</strong></span> <span class='ocrx_word' id='word_1_305' title='bbox 875 3489 944 3538; x_wconf 86' lang='lat' dir='ltr'><strong>Illuc.</strong></span> <span class='ocrx_word' id='word_1_306' title='bbox 964 3485 1024 3537; x_wconf 86' lang='lat' dir='ltr'><strong>Lib.</strong></span> <span class='ocrx_word' id='word_1_307' title='bbox 1046 3494 1101 3539; x_wconf 77' lang='lat' dir='ltr'><strong>ont.</strong></span> <span class='ocrx_word' id='word_1_308' title='bbox 1118 3487 1189 3536; x_wconf 79' lang='lat' dir='ltr'><strong>illud.</strong></span> <span class='ocrx_word' id='word_1_309' title='bbox 1199 3488 1282 3535; x_wconf 75' lang='lat' dir='ltr'><strong>-Kt</strong></span> 
     </span>
     <span class='ocr_line' id='line_1_35' title="bbox 207 3560 1280 3628; baseline -0.001 -12"><span class='ocrx_word' id='word_1_310' title='bbox 207 3597 243 3608; x_wconf 89' lang='lat'><strong>-—</strong></span> <span class='ocrx_word' id='word_1_311' title='bbox 256 3569 288 3616; x_wconf 81' lang='lat' dir='ltr'><strong>Ut</strong></span> <span class='ocrx_word' id='word_1_312' title='bbox 295 3565 371 3614; x_wconf 75' lang='lat' dir='ltr'><strong>tacita</strong></span> <span class='ocrx_word' id='word_1_313' title='bbox 378 3579 479 3613; x_wconf 71' lang='lat' dir='ltr'><strong>noecurn.</strong></span> <span class='ocrx_word' id='word_1_314' title='bbox 491 3560 569 3613; x_wconf 86' lang='lat' dir='ltr'><strong>Both.</strong></span> <span class='ocrx_word' id='word_1_315' title='bbox 586 3581 680 3614; x_wconf 79' lang='lat' dir='ltr'><strong>mecum</strong></span> <span class='ocrx_word' id='word_1_316' title='bbox 691 3575 719 3613; x_wconf 81' lang='lat' dir='ltr'><strong>ut</strong></span> <span class='ocrx_word' id='word_1_317' title='bbox 761 3565 820 3616; x_wconf 81' lang='lat' dir='ltr'><strong>illuc</strong></span> <span class='ocrx_word' id='word_1_318' title='bbox 828 3566 889 3616; x_wconf 75' lang='lat' dir='ltr'><strong>milri</strong></span> <span class='ocrx_word' id='word_1_319' title='bbox 896 3601 906 3628; x_wconf 85' lang='lat'>‚</span> <span class='ocrx_word' id='word_1_320' title='bbox 920 3575 969 3616; x_wconf 83' lang='lat' dir='ltr'><strong>etc.</strong></span> <span class='ocrx_word' id='word_1_321' title='bbox 983 3563 1047 3617; x_wconf 70' lang='lat' dir='ltr'><strong>ttae</strong></span> <span class='ocrx_word' id='word_1_322' title='bbox 1064 3563 1111 3616; x_wconf 81' lang='lat' dir='ltr'><strong>ille</strong></span> <span class='ocrx_word' id='word_1_323' title='bbox 1126 3579 1231 3624; x_wconf 64' lang='lat' dir='ltr'><strong>mcum,</strong></span> <span class='ocrx_word' id='word_1_324' title='bbox 1246 3574 1280 3616; x_wconf 85' lang='lat' dir='ltr'><strong>ut</strong></span> 
     </span>
     <span class='ocr_line' id='line_1_36' title="bbox 206 3639 1278 3710; baseline -0.003 -12"><span class='ocrx_word' id='word_1_325' title='bbox 206 3647 293 3698; x_wconf 65' lang='lat' dir='ltr'><strong>sacua.</strong></span> <span class='ocrx_word' id='word_1_326' title='bbox 305 3673 339 3683; x_wconf 89' lang='lat'>-</span> <span class='ocrx_word' id='word_1_327' title='bbox 351 3641 494 3710; x_wconf 62' lang='lat' dir='ltr'><strong>Proferm</strong></span> <span class='ocrx_word' id='word_1_328' title='bbox 508 3639 635 3710; x_wconf 85' lang='lat' dir='ltr'><strong>prodam,</strong></span> <span class='ocrx_word' id='word_1_329' title='bbox 652 3643 718 3696; x_wconf 83' lang='lat' dir='ltr'><strong>Buc-</strong></span> <span class='ocrx_word' id='word_1_330' title='bbox 760 3641 872 3696; x_wconf 88' lang='lat' dir='ltr'><strong>Philotis</strong></span> <span class='ocrx_word' id='word_1_331' title='bbox 879 3661 933 3696; x_wconf 85' lang='lat' dir='ltr'><strong>non</strong></span> <span class='ocrx_word' id='word_1_332' title='bbox 947 3642 1047 3695; x_wconf 80' lang='lat' dir='ltr'><strong>audiat.</strong></span> <span class='ocrx_word' id='word_1_333' title='bbox 1058 3671 1094 3686; x_wconf 55' lang='grc' dir='ltr'><strong>-ψ</strong></span> <span class='ocrx_word' id='word_1_334' title='bbox 1107 3644 1207 3707; x_wconf 71' lang='lat' dir='ltr'><strong>Vitium,</strong></span> <span class='ocrx_word' id='word_1_335' title='bbox 1220 3640 1278 3695; x_wconf 82' lang='lat' dir='ltr'><strong>scil.</strong></span> 
     </span>
     <span class='ocr_line' id='line_1_37' title="bbox 205 3719 1173 3794; baseline -0.004 -17"><span class='ocrx_word' id='word_1_336' title='bbox 205 3722 400 3781; x_wconf 80' lang='lat' dir='ltr'><strong>chidircilicet,</strong></span> <span class='ocrx_word' id='word_1_337' title='bbox 416 3720 458 3774; x_wconf 82' lang='lat' dir='ltr'><strong>vel</strong></span> <span class='ocrx_word' id='word_1_338' title='bbox 476 3719 594 3777; x_wconf 57' lang='lat' dir='ltr'><strong>ouilibetr,</strong></span> <span class='ocrx_word' id='word_1_339' title='bbox 761 3733 848 3776; x_wconf 82' lang='lat' dir='ltr'><strong>tacere</strong></span> <span class='ocrx_word' id='word_1_340' title='bbox 857 3739 1009 3794; x_wconf 81' lang='lat' dir='ltr'><strong>aouposra.</strong></span> <span class='ocrx_word' id='word_1_341' title='bbox 1170 3720 1173 3726; x_wconf 83' lang='lat'>&#39;</span> 
     </span>
    </p>

    <p class='ocr_par' dir='ltr' id='par_1_28' title="bbox 241 3797 1278 3872">
     <span class='ocr_line' id='line_1_38' title="bbox 241 3797 1278 3872; baseline -0.003 -17"><span class='ocrx_word' id='word_1_342' title='bbox 241 3803 300 3855; x_wconf 74' lang='grc' dir='ltr'><strong>ποθ.</strong></span> <span class='ocrx_word' id='word_1_343' title='bbox 319 3802 390 3851; x_wconf 69' lang='grc' dir='ltr'><strong>Βίου</strong></span> <span class='ocrx_word' id='word_1_344' title='bbox 412 3813 471 3850; x_wconf 82' lang='lat' dir='ltr'><strong>tam.</strong></span> <span class='ocrx_word' id='word_1_345' title='bbox 495 3797 540 3856; x_wconf 74' lang='lat' dir='ltr'><strong>ta.</strong></span> <span class='ocrx_word' id='word_1_346' title='bbox 565 3799 641 3854; x_wconf 89' lang='lat' dir='ltr'><strong>Beut.</strong></span> <span class='ocrx_word' id='word_1_347' title='bbox 661 3815 715 3852; x_wconf 76' lang='lat' dir='ltr'><strong>tum</strong></span> <span class='ocrx_word' id='word_1_348' title='bbox 798 3804 858 3856; x_wconf 85' lang='lat'><strong>113.</strong></span> <span class='ocrx_word' id='word_1_349' title='bbox 872 3798 1032 3854; x_wconf 78' lang='lat' dir='ltr'><strong>Redis.Cod</strong></span> <span class='ocrx_word' id='word_1_350' title='bbox 1046 3797 1122 3872; x_wconf 79' lang='lat' dir='ltr'><strong>quid.</strong></span> <span class='ocrx_word' id='word_1_351' title='bbox 1137 3801 1209 3850; x_wconf 76' lang='lat' dir='ltr'><strong>rodit.</strong></span> <span class='ocrx_word' id='word_1_352' title='bbox 1221 3798 1278 3852; x_wconf 79' lang='lat' dir='ltr'><strong>Atii</strong></span> 
     </span>
    </p>
   </div>
   <div class='ocr_carea' id='block_1_11' title="bbox 204 3859 1381 3949">
    <p class='ocr_par' dir='ltr' id='par_1_29' title="bbox 204 3859 1381 3949">
     <span class='ocr_line' id='line_1_39' title="bbox 204 3859 1381 3949; baseline -0.001 -17"><span class='ocrx_word' id='word_1_353' title='bbox 204 3883 277 3932; x_wconf 72' lang='lat' dir='ltr'><strong>dicos.</strong></span> <span class='ocrx_word' id='word_1_354' title='bbox 292 3909 329 3920; x_wconf 89' lang='lat'>-</span> <span class='ocrx_word' id='word_1_355' title='bbox 342 3883 401 3930; x_wconf 81' lang='lat' dir='ltr'><strong>Tam</strong></span> <span class='ocrx_word' id='word_1_356' title='bbox 412 3879 713 3944; x_wconf 75' lang='lat' dir='ltr'><strong>commodo,tamidonee</strong></span> <span class='ocrx_word' id='word_1_357' title='bbox 756 3885 816 3934; x_wconf 80' lang='lat' dir='ltr'><strong>rodi.</strong></span> <span class='ocrx_word' id='word_1_358' title='bbox 830 3911 866 3924; x_wconf 90' lang='lat'>-</span> <span class='ocrx_word' id='word_1_359' title='bbox 879 3884 923 3932; x_wconf 73' lang='lat' dir='ltr'><strong>Ad</strong></span> <span class='ocrx_word' id='word_1_360' title='bbox 934 3881 1059 3949; x_wconf 76' lang='lat' dir='ltr'><strong>ingenium</strong></span> <span class='ocrx_word' id='word_1_361' title='bbox 1076 3880 1151 3930; x_wconf 71' lang='lat' dir='ltr'><strong>redis.</strong></span> <span class='ocrx_word' id='word_1_362' title='bbox 1171 3859 1243 3943; x_wconf 55' lang='lat' dir='ltr'><strong>Qud</strong></span> <span class='ocrx_word' id='word_1_363' title='bbox 1259 3898 1274 3931; x_wconf 82' lang='lat' dir='ltr'><strong>a</strong></span> <span class='ocrx_word' id='word_1_364' title='bbox 1380 3943 1381 3946; x_wconf 8' lang='grc' dir='ltr'><strong>Ἴ</strong></span> 
     </span>
    </p>
   </div>
   <div class='ocr_carea' id='block_1_12' title="bbox 201 3956 1276 4107">
    <p class='ocr_par' dir='ltr' id='par_1_30' title="bbox 201 3956 1276 4107">
     <span class='ocr_line' id='line_1_40' title="bbox 201 3956 1111 4028; baseline -0.002 -16"><span class='ocrx_word' id='word_1_365' title='bbox 201 3971 227 4012; x_wconf 80' lang='lat' dir='ltr'><strong>et</strong></span> <span class='ocrx_word' id='word_1_366' title='bbox 239 3959 300 4028; x_wconf 80' lang='lat' dir='ltr'><strong>apta</strong></span> <span class='ocrx_word' id='word_1_367' title='bbox 309 3956 343 4010; x_wconf 83' lang='lat' dir='ltr'><strong>ad</strong></span> <span class='ocrx_word' id='word_1_368' title='bbox 352 3956 577 4028; x_wconf 79' lang='lat' dir='ltr'><strong>persuadendum.</strong></span> <span class='ocrx_word' id='word_1_369' title='bbox 756 3979 783 4013; x_wconf 79' lang='lat' dir='ltr'><strong>se</strong></span> <span class='ocrx_word' id='word_1_370' title='bbox 792 3960 959 4024; x_wconf 70' lang='lat' dir='ltr'><strong>discerneret,</strong></span> <span class='ocrx_word' id='word_1_371' title='bbox 971 3959 994 4012; x_wconf 85' lang='lat' dir='ltr'><strong>si</strong></span> <span class='ocrx_word' id='word_1_372' title='bbox 1003 3970 1111 4012; x_wconf 77' lang='lat' dir='ltr'><strong>taceret.</strong></span> 
     </span>
     <span class='ocr_line' id='line_1_41' title="bbox 237 4036 1276 4107; baseline -0.001 -16"><span class='ocrx_word' id='word_1_373' title='bbox 237 4055 294 4107; x_wconf 83' lang='lat'><strong>109.</strong></span> <span class='ocrx_word' id='word_1_374' title='bbox 310 4039 350 4086; x_wconf 80' lang='lat' dir='ltr'><strong>Ab</strong></span> <span class='ocrx_word' id='word_1_375' title='bbox 372 4039 430 4087; x_wconf 83' lang='lat' dir='ltr'><strong>noli.</strong></span> <span class='ocrx_word' id='word_1_376' title='bbox 452 4037 529 4090; x_wconf 82' lang='lat' dir='ltr'><strong>Both.</strong></span> <span class='ocrx_word' id='word_1_377' title='bbox 550 4037 640 4090; x_wconf 80' lang='lat' dir='ltr'><strong>mullet</strong></span> <span class='ocrx_word' id='word_1_378' title='bbox 659 4041 706 4104; x_wconf 80' lang='lat' dir='ltr'><strong>alo,</strong></span> <span class='ocrx_word' id='word_1_379' title='bbox 795 4047 854 4104; x_wconf 68' lang='lat'><strong>114.</strong></span> <span class='ocrx_word' id='word_1_380' title='bbox 866 4042 948 4090; x_wconf 81' lang='lat' dir='ltr'><strong>Fidem</strong></span> <span class='ocrx_word' id='word_1_381' title='bbox 962 4042 1057 4103; x_wconf 84' lang='lat' dir='ltr'><strong>do,me</strong></span> <span class='ocrx_word' id='word_1_382' title='bbox 1069 4036 1219 4090; x_wconf 76' lang='lat' dir='ltr'><strong>tacitumm.</strong></span> <span class='ocrx_word' id='word_1_383' title='bbox 1238 4067 1276 4080; x_wconf 84' lang='lat'><strong>-··</strong></span> 
     </span>
    </p>
   </div>
   <div class='ocr_carea' id='block_1_13' title="bbox 0 0 1392 4782">
    <p class='ocr_par' dir='ltr' id='par_1_31' title="bbox 0 0 1392 4782">
     <span class='ocr_line' id='line_1_42' title="bbox 0 0 1392 4782; baseline 0 5"><span class='ocrx_word' id='word_1_384' title='bbox 0 0 1392 4782; x_wconf 95' lang='lat' dir='ltr'><strong> </strong></span> 
     </span>
    </p>
   </div>
  </div>
 </body>
</html>
