2812 4788
211 395 288 476 124⁴
446 393 616 460 PUBLII
640 385 1030 501 TERENTIl'AFRI

208 529 288 594 Suu.
298 524 343 593 Di
354 523 413 592 tibi
423 576 432 611 ,
441 525 586 610 Demea,
598 525 709 593 omnia
720 549 834 594 omnes
846 549 976 619 semper
986 536 1102 619 optata
1116 522 1284 604 offerant.

206 633 290 700 Mrc.
322 633 421 724 Syre,
454 631 645 723 processisti
672 630 772 700 hodie
793 629 941 726 pulchre.
974 632 1039 698 Ds.
1073 630 1107 698 Si
1137 629 1283 722 quidem

364 759 482 830 porro,
497 736 617 823 Micio,
1027 734 1035 744 ’

147 845 152 850 ’
206 844 257 910 Tu
278 857 373 910 tuum
392 839 540 910 officium
559 841 673 928 facies,
696 857 794 936 atque
811 842 888 910 huic
906 839 1032 935 aliquid
1047 838 1183 934 paulum
1204 865 1285 934 praa

366 970 468 1014 manu
1232 968 1283 1020 „ss

208 1051 365 1138 Dederis,
376 1051 465 1120 unde
476 1065 604 1139 utanrr3
622 1052 739 1122 reddet
751 1053 811 1122 tibi
822 1053 897 1121 oito.
909 1055 995 1122 Mic.
1007 1054 1097 1121 Istoc
1112 1049 1218 1120 vilius.

209 1157 278 1226 AEs.
292 1159 392 1252 Frugi
409 1157 513 1226 homo
533 1172 590 1228 est.
612 1161 692 1228 Sta.
705 1158 855 1227 Reddam
875 1157 1003 1244 hercle,
1018 1157 1061 1227 da
1081 1155 1192 1225 modo.
1208 1156 1282 1224 AEs.

367 1265 458 1357 Age,
475 1277 579 1358 pater.
591 1266 677 1334 Mrc.
693 1268 774 1334 Post
784 1263 964 1334 consulam.

210 1371 276 1439 Du.
303 1370 421 1438 Faciet.
453 1370 534 1438 Suu.
560 1370 592 1437 Ο
619 1371 671 1438 vir
697 1385 845 1465 optumo.
866 1371 934 1440 AEs.
954 1372 984 1436 Ο
1002 1383 1097 1468 pater
1114 1369 1161 1462 mi
1180 1367 1284 1436 festi-

367 1468 518 1544 vissime!
682 1471 684 1478 '

210 1581 296 1650 Mic.
309 1579 400 1668 Quid
411 1579 601 1676 istuciquas
612 1607 664 1651 res
676 1597 743 1650 tam
757 1597 893 1676 repente
905 1604 1014 1650 mores
1025 1580 1169 1648 mutavit
1180 1575 1288 1654 tuos?

213 1686 315 1779 Quod
324 1685 534 1783 prolubium?
540 1712 612 1782 quae
621 1689 710 1766 istaec
722 1688 830 1764 subita
848 1703 898 1758 est
912 1683 1066 1781 largitas?
1077 1687 1143 1754 Da.
1156 1685 1285 1757 Dicam

337 1817 342 1828 ‘
371 1791 451 1864 tibi:
767 1865 770 1872 ,
1236 1824 1286 1862 99⁰

211 1897 260 1965 Ut
272 1897 306 1966 id
321 1897 545 1986 ostenderem,
559 1900 652 1994 quod
665 1915 700 1969 to
713 1900 765 1970 isti
779 1898 910 1970 facilem
923 1913 957 1968 et
970 1899 1125 1968 festivum
1137 1910 1260 2001 putant
1274 1949 1286 1981 ,

214 2105 357 2169 estimatur
369 2106 493 2179 Phrygia.
507 2141 538 2150 -
547 2111 726 2174 Sumttoffloci·
806 2110 866 2178 988.
882 2115 903 2161 0
910 2123 985 2178 parer
994 2109 1036 2160 mi.
1052 2105 1103 2158 Alii
1112 2087 1207 2162 collos.
1219 2123 1234 2156 o
1244 2108 1288 2156 νηί

214 2185 280 2256 pito.
291 2189 331 2240 De
342 2185 394 2246 hoc
408 2204 497 2248 veron,
507 2187 560 2240 vid.
575 2187 641 2260 qnid
654 2187 726 2240 dixe·
766 2203 850 2255 pater.
868 2218 904 2230 -
914 2188 1005 2239 Faciet.
1023 2186 1102 2258 Syre,
1121 2203 1156 2236 ne
1172 2183 1286 2251 dubita,

215 2264 299 2318 rimus
312 2284 390 2336 supra
402 2285 459 2328 ,vs
472 2267 532 2333 961.
770 2267 850 2319 Micio
869 2265 950 2318 faciet
968 2262 1044 2336 qnod
1058 2262 1133 2335 petis.
1148 2293 1183 2304 -
1202 2267 1224 2312 0
1237 2265 1288 2316 vir

249 2343 311 2411 983.
325 2345 422 2411 ueriti,
434 2349 534 2400 Demea.
552 2344 613 2398 Lib.
632 2345 720 2417 antiq.
770 2361 873 2414 spasmo,
884 2353 920 2406 so:
930 2343 1025 2406 Micio,
1038 2361 1117 2414 quem
1126 2359 1179 2394 una
1189 2358 1287 2400 omnes

216 2419 319 2474 addunt
345 2441 396 2474 oro.
420 2422 560 2486 Delemna,
578 2442 611 2476 ex
630 2423 724 2476 Faern.
770 2423 968 2496 aggrediuntur.

218 2511 279 2574 post
287 2501 429 2556 Perletum.
806 2505 868 2572 989.
884 2505 951 2572 Quid
958 2505 1039 2554 isare?
1052 2501 1134 2572 Supp.
1145 2519 1228 2573 genus
1241 2512 1287 2552 est

251 2580 314 2647 984.
332 2583 474 2634 Processisrr'
481 2585 598 2652 pulchre..
616 2581 680 2634 Scil.
696 2599 727 2634 ex
771 2581 876 2654 agendi,
887 2593 980 2654 quotu
988 2581 1286 2652 nnnouteris„Deu1ea.

216 2677 292 2712 servo
314 2677 394 2721 serva
423 2659 535 2722 marito,
557 2659 585 2722 in
613 2659 728 2713 liberum
772 2693 806 2702 -
819 2667 987 2734 Quoerertpm
1001 2657 1286 2728 repente,etc.Anim·

214 2737 305 2796 liberae
319 2738 451 2801 maritum.
465 2741 658 2806 -Siqrridem,
673 2751 725 2792 etc.
772 2739 967 2801 advertendum¹
991 2758 1045 2796 esse
1071 2749 1162 2790 monet
1190 2737 1283 2790 Dona·

218 2816 319 2888 Supple
332 2829 393 2868 ante
411 2816 486 2878 hac,
508 2842 519 2864 ι
531 2829 562 2868 ut
582 2817 660 2881 dicis,
680 2818 729 2889 sy·
772 2833 823 2883 tus,
833 2839 887 2891 qna
900 2819 1041 2872 ealliditate
1057 2815 1198 2875 Terentius
1213 2833 1288 2885 quaa·

217 2915 263 2949 rus
285 2896 439 2966 processerit
464 2893 593 2964 pulchre,
627 2896 650 2948 si
674 2915 729 2948 mo·
772 2886 926 2952 rensiinem
939 2899 1050 2960 fabulas,
1069 2896 1201 2967 complere
1218 2894 1287 2946 leti·

219 2973 255 3026 do
263 2984 293 3025 tu
306 2972 405 3044 aliquid
415 2971 527 3034 dederis,
541 2985 604 3025 eto.»
773 2977 835 3029 tiam
855 2996 903 3048 per
924 2978 1012 3049 ipsum
1035 2977 1161 3029 Demeam
1181 2972 1286 3026 nitatur

59 3111 65 3122 ,
148 3087 150 3093 ι
256 3052 317 3120 985.
331 3055 446 3104 Paulum.
463 3051 531 3113 Alii,
536 3055 676 3120 paululum.
694 3081 730 3092 -
773 3054 803 3106 in
811 3055 963 3119 universos,
980 3055 1028 3127 qni
1042 3053 1070 3106 in
1084 3064 1139 3106 tota
1154 3049 1285 3124 comedia

222 3137 328 3190 Taurum
335 3129 474 3211 osfifacies.
486 3129 543 3182 Hoc
553 3143 600 3195 est,
608 3129 728 3182 officium
773 3134 853 3186 tristis
862 3153 892 3186 ac
903 3154 988 3188 sarus
1001 3132 1192 3198 interturbavit,
1201 3143 1227 3184 et
1237 3149 1287 3184 vo·

218 3211 342 3283 patroni,
360 3223 389 3263 ut
402 3210 527 3264 libertum
540 3228 594 3261 non
604 3208 726 3275 deseras,
773 3211 897 3266 ciferatus
908 3223 954 3264 est.

218 3287 264 3343 sed
274 3289 328 3348 alas
337 3281 727 3351 manumissum.-'÷Pr‹emanu,
808 3301 866 3354 99⁰·
885 3287 958 3353 Quod
962 3284 1107 3351 prolubium.
1124 3281 1184 3342 Lib.
1199 3279 1287 3350 antiq.

219 3369 295 3440 quasi
306 3367 414 3432 diceret,
422 3369 511 3430 statim
522 3379 548 3420 et
555 3366 660 3418 homini
666 3365 726 3438 ipsi.
773 3382 797 3430 q.
804 3363 1220 3434 proluvium.-Quodprolubium.³
1230 3358 1286 3422 Qui

232 3445 235 3450 ’
256 3449 316 3515 986.
342 3449 427 3503 Vilius.
445 3447 474 3506 C.
491 3445 524 3501 G.
539 3465 575 3498 m.
595 3449 677 3498 levius.
693 3476 728 3487 -
772 3439 875 3503 animus
892 3451 1032 3514 promptus
1051 3437 1084 3490 ad
1095 3435 1289 3508 largiendum?

223 3531 291 3578 Unde
300 3541 389 3591 uratur,
401 3545 479 3598 supp.
490 3525 525 3578 ad
534 3523 730 3579 vivendum.-
773 3551 808 3561 —
819 3523 940 3594 Largitur.
960 3517 1084 3572 Dacieria
1103 3515 1212 3576 adnotat
1230 3533 1289 3566 non

220 3610 283 3656 Istoc
297 3606 380 3657 vilius.
400 3606 456 3658 Isto
477 3603 563 3658 flocco
583 3603 660 3657 vilius
680 3602 730 3656 erit
773 3597 845 3653 idem
855 3617 951 3652 sonare
963 3599 1065 3666 largitas
1075 3608 1101 3649 et
1114 3597 1210 3668 largitio
1222 3614 1233 3654 ,·
1246 3593 1290 3644 in·

221 3683 293 3755 qnod
309 3682 410 3737 reddet.
425 3683 536 3755 Negatio
556 3695 595 3736 est
612 3681 726 3736 floccum
773 3677 857 3732 dicari
877 3685 911 3748 τῷ
934 3679 1062 3745 largitione
1074 3687 1161 3728 aetum
1179 3671 1288 3734 dantis;

220 3761 399 3829 ostendentis,
417 3775 462 3815 aut
484 3761 550 3835 quid
572 3762 643 3824 tale,
668 3780 730 3817 curn
774 3761 887 3826 largitate
909 3767 1011 3816 autem,
1031 3753 1238 3832 propensionem
1250 3749 1289 3803 ad

222 3841 328 3909 ἐλλείψει.
775 3834 903 3889 dandum.

258 3921 316 3988 987.
325 3927 390 3983 Post,
402 3920 453 3973 alio
466 3920 590 3991 tempore.
605 3917 729 3976 Forrnula
808 3935 868 3986 991·
885 3916 959 3985 Quod
965 3927 987 3964 te
997 3913 1113 3980 isrifacr't.
1124 3910 1172 3962 Ma·
1195 3909 1291 3966 Parm.

222 4008 261 4051 est
271 3997 367 4051 blande
382 3999 507 4070 negantis.
774 3999 842 4062 quod
849 4009 900 4046 tam
910 4008 933 4044 te
942 3991 1046 4060 istr'fac.
1056 4021 1090 4032 -
1101 3996 1132 4041 Ut
1142 3988 1170 4040 id
1176 3992 1295 4042 ostende«
