2824 4778
438 306 634 380 rnonn.
661 304 805 374 raon
881 324 889 358 ·
1081 300 1149 397 237

80 453 202 541 Quum
221 475 281 546 per
296 447 476 520 tumultum
493 460 608 517 noster
626 425 707 539 greti
723 453 833 509 motus
853 436 993 521 loco'st,
1077 433 1080 447 ¹

81 559 200 646 Quem
217 557 338 627 actoris
360 557 466 625 virtus
487 553 584 623 nobis
601 548 745 620 restituit
763 543 874 615 locum
892 609 894 620 ,

83 664 289 758 Bonitasque
308 675 421 731 vostra
440 659 594 754 adjutans
614 670 713 751 atque
731 651 968 746 aequanimitas.

82 861 142 914 ret,
150 850 245 905 maluit
252 851 388 904 fortunam
396 867 529 904 accusare.
537 853 601 902 um.
646 851 715 907 titul.
728 867 787 922 pag.
799 849 865 914 230,
881 860 938 902 not.
950 865 992 902 to.
1003 847 1054 902 Hie
1067 859 1157 902 tamen
1188 843 1191 852 ⁴

122 930 170 985 32.
183 937 233 983 Per
246 933 383 982 mutuam.
392 927 508 982 Videtur
519 927 603 1000 respi··
646 931 689 1004 agi
704 928 739 983 de
758 927 863 1000 Hecyra
883 943 1016 1001 repugnat
1028 929 1159 984 Dacieria.

83 1027 151 1062 cere
165 1008 219 1061 fata
230 1007 362 1080 Hecyrae,
378 1009 456 1080 cujus
466 1003 520 1060 vid.
532 1007 602 1060 Prol.
647 1043 679 1052 -
703 1013 796 1060 Noster
815 1026 890 1076 grex.
912 1009 1040 1061 lictorum
1063 1021 1159 1062 tunna.

83 1091 179 1161 Atque
187 1087 363 1140 hocincausa
373 1097 421 1153 est,
429 1104 478 1140 cur
490 1084 602 1140 ineditt.
646 1120 680 1130 -
698 1093 781 1140 Motus
800 1089 855 1138 loce
866 1090 901 1138 ’st
915 1085 1061 1142 Theatrum
1083 1087 1161 1141 dere*
1277 1077 1280 1084 ⁴

83 1185 143 1220 nou
163 1164 273 1238 quidem
287 1165 413 1218 omuibus
430 1175 604 1236 postponatur
647 1185 707 1220 rere
719 1178 827 1220 coactus
840 1177 887 1219 est.

84 1245 158 1299 huic
174 1245 271 1299 sabula
286 1243 422 1310 Phormio.
439 1243 520 1309 Quod
540 1259 605 1297 veru
684 1247 728 1300 33.
743 1245 850 1297 Actoris.
861 1243 915 1310 Qui
930 1245 1052 1298 exclusus
1065 1243 1160 1309 toties,

83 1326 120 1378 ita
138 1341 199 1378 esse
216 1323 327 1388 debere,
338 1323 403 1376 hinc
415 1322 495 1377 etiam
507 1325 604 1376 Donat.
649 1325 770 1379 animum
780 1339 835 1374 uon
848 1323 992 1396 abjecerit,
1015 1321 1061 1376 sed
1074 1342 1162 1395 perse·

84 1403 229 1476 pracipue
240 1403 447 1476 conjiciebat-
456 1409 505 1454 Per
513 1407 607 1456 tumult.
650 1403 779 1459 verawrit
805 1419 903 1474 agere;
933 1401 995 1456 ideo
1013 1401 1103 1456 virtus.
1126 1433 1162 1443 -

85 1483 148 1548 Qui
159 1481 303 1546 acciderat,
313 1499 397 1554 quum
405 1493 564 1554 spectatores
573 1478 618 1556 rie.
652 1488 788 1550 Quem-loo.
798 1476 870 1534 Beue
883 1481 1006 1553 repetivit
1018 1481 1121 1544 locum,
1133 1493 1163 1532 ut

86 1559 222 1616 sedilibus
236 1560 430 1634 disceptarent,
449 1573 495 1616 aut
508 1561 606 1624 alium,
651 1562 797 1637 &pptssttior
808 1563 904 1616 vitaret
915 1579 1056 1632 :nequem
1067 1562 1163 1614 tumul·

88 1656 121 1696 ut
132 1641 185 1708 fir,
205 1642 336 1714 ejusmodi
348 1642 433 1696 rixam
446 1642 588 1695 movissent
599 1655 606 1693 ε
651 1655 708 1697 tum
720 1641 810 1696 dicere
818 1640 962 1698 videretur.
974 1645 1038 1692 Dor.

28 1743 30 1751 ⁴
89 1719 119 1774 id
128 1732 221 1775 autem
230 1721 337 1776 advenit
346 1739 429 1794 quum
439 1718 609 1776 exhiberetur
689 1721 731 1785 34.
740 1725 899 1790 Bonitasque.
909 1720 941 1772 In
951 1717 1076 1772 omnibus
1086 1737 1165 1790 gene·

91 1801 218 1873 Hecyra,
231 1811 258 1854 et
278 1801 327 1856 ista
340 1800 470 1855 Phormio
485 1799 609 1864 fortasse,
652 1799 744 1856 taliter
763 1802 852 1856 rebus.
875 1831 910 1841 -
924 1801 1114 1868 AEquanr'mr'eas.
1131 1801 1162 1852 In

92 1897 155 1950 qua
167 1880 263 1954 saepius
276 1880 329 1937 fuit
345 1877 435 1945 iactu,
458 1891 489 1934 ut
509 1878 610 1934 indicat
652 1879 804 1952 spectandae
