2834 4788
376 377 591 445 ADELPH.
620 379 725 448 ter.
756 379 791 462 1,
816 381 882 449 SC.
911 383 961 448 Il.
1152 383 1199 457 23
1268 383 1271 388 ’

137 508 300 594 Scortari,
320 531 427 604 neque
446 523 577 602 potare,
593 535 660 578 non
682 524 747 596 est,
766 535 872 604 neque
889 511 976 584 fores

135 607 334 708 Effringere.¹
350 619 430 686 Haec
448 617 474 684 si
495 640 600 710 neque
622 641 702 708 ego,
718 641 826 710 neque
844 631 881 683 tu
900 617 1057 701 fecimus,

135 719 212 788 Non
232 721 308 788 sivit
327 737 453 816 egestas
470 720 579 790 facere
599 747 668 790 nos.
679 721 729 790 Tu
746 747 835 792 nunc
850 723 910 790 tibi

133 821 174 892 Id
191 823 280 894 laudi
299 826 416 914 duces,
434 827 524 921 quod
543 843 612 896 turn
633 828 738 898 fecisti
759 829 880 922 inopia.

133 931 302 1022 Iujuriurn
314 929 354 1001 'st
367 958 464 1002 enam
482 936 508 1001 si
525 948 625 1018 esset,
645 934 732 1002 unde
752 934 867 1014 fieret,

133 1037 340 1106 Faceremus.
359 1042 404 1108 Et
424 1037 515 1108 illum
537 1054 572 1108 tu
595 1054 707 1125 tuum,
724 1041 750 1108 si
770 1065 855 1108 esses
875 1041 992 1126 homo,

134 1143 265 1212 Sineres
283 1169 372 1214 nunc
394 1145 518 1232 facere,
536 1145 614 1214 dum
636 1171 696 1240 per
714 1161 843 1214 aetatcrn
862 1144 952 1232 licet;
1044 1155 1046 1159 ’

132 1250 246 1318 Potius
266 1275 383 1343 quam,
406 1251 464 1320 ubi
485 1266 517 1319 te
538 1267 761 1347 exspectatum
782 1252 929 1344 ejecisset
947 1252 1051 1337 foras,
1161 1293 1197 1320 ιω

132 1497 171 1537 est
190 1483 336 1556 flagitium
356 1497 382 1538 et
402 1486 486 1538 venien
501 1486 574 1538 locus
586 1505 641 1538 non
685 1485 762 1538 bene.
780 1486 868 1556 Vulgo
890 1487 964 1538 decis.
981 1487 1049 1539 Peri.
1065 1518 1103 1528 —-
1124 1489 1199 1557 Quod

131 1576 185 1619 tam
210 1565 237 1616 in
263 1565 352 1622 facto,
376 1583 455 1636 quarn
477 1566 506 1617 in
530 1584 640 1634 persona
685 1578 741 1618 trem.
761 1566 814 1629 Tu,
831 1565 886 1618 sine
901 1583 949 1616 rum
963 1565 1051 1618 Guelf.
1070 1586 1094 1618 α.
1111 1567 1197 1618 -Id

131 1644 293 1698 constitutus
306 1645 458 1696 estDonat·
469 1645 581 1696 -Mihi
593 1665 641 1695 cre-
682 1645 750 1718 ‘quod
749 1645 833 1710 fecisti
844 1648 931 1714 inopia.
941 1643 974 1696 Id
984 1657 1033 1709 est,
1040 1644 1194 1697 abstinuisse

130 1723 169 1774 de.
185 1723 285 1776 Forsan
294 1723 373 1776 nimis
386 1724 519 1777 subtiliter
532 1723 641 1776 adnotat
682 1743 696 1777 a
711 1723 819 1784 scortis,
832 1743 848 1776 a
861 1723 933 1775 rino.

129 1801 175 1854 bic
189 1803 308 1854 Donatus
322 1821 328 1854 :
347 1804 447 1868 «Quasi
460 1803 585 1874 imperito
601 1802 639 1854 di·
727 1821 789 1872 107.
803 1802 871 1854 Unde
872 1801 952 1870 fieret.
962 1803 1085 1854 Delemus
1095 1801 1124 1854 id
1131 1821 1192 1856 cum

129 1881 182 1943 cit,
196 1881 350 1946 mihicrede,
363 1901 418 1934 non
433 1883 506 1935 enim
520 1903 555 1934 me
569 1884 639 1933 intel·
683 1883 796 1934 Perleto.
815 1913 855 1922 -
873 1881 990 1951 Iniurium
1017 1882 1053 1932 'st.
1074 1883 1132 1934 Hoc
1153 1895 1192 1933 est

130 1961 187 2031 lige.
202 1961 254 2012 Hic
274 1973 301 2014 et
316 1961 455 2015 auctoritas
471 1961 598 2024 dicentis,
609 1975 638 2032 ἐι
682 1962 776 2030 injuste
793 1959 920 2030 judicare.
937 1994 977 2003 —
997 1959 1026 2012 Si
1044 1973 1117 2022 esset,
1139 1980 1189 2032 pro

130 2052 300 2110 contemptus
310 2039 457 2117 ostenditur
472 2039 611 2094 audientis.
624 2066 634 2086 ι
675 2042 771 2106 sur'sset.
786 2065 796 2086 ι
809 2039 837 2091 Si
845 2041 921 2092 nobis
931 2054 986 2094 turn
1002 2041 1107 2104 fnisset,
1117 2039 1189 2092 unde

129 2151 170 2161 —
196 2119 406 2172 Adolescentulum
427 2125 544 2186 scortari,
565 2141 638 2192 neque
680 2132 838 2190 putaremus.
850 2145 860 2165 ι

49 2263 54 2271 Ι
126 2211 229 2266 potare,
247 2218 321 2270 neque
332 2201 401 2266 sores
419 2203 556 2270 effringere.
569 2201 637 2254 Mire
724 2200 781 2251 108.
806 2199 830 2249 T
828 2220 844 2249 u
864 2199 938 2250 illum.
957 2199 1011 2250 Nos
1026 2217 1058 2250 ex
1075 2199 1148 2250 bent.
1164 2212 1191 2250 et

128 2277 266 2349 respondit
279 2290 306 2330 et
319 2280 448 2343 oratorie,
462 2278 496 2331 ed
511 2280 567 2332 baec
579 2299 637 2351 quae
681 2279 749 2332 Perl.
759 2279 826 2332 illum
838 2291 871 2330 tu.
882 2278 958 2332 Both.
969 2278 1051 2330 illunc.
1062 2309 1102 2317 —
1115 2277 1190 2329 Face-

128 2356 261 2412 iuvidiose
275 2355 346 2410 dicta
359 2371 427 2412 sunt.
437 2359 505 2410 Nem
517 2359 589 2430 quod
601 2361 637 2412 ait
681 2377 768 2422 remus,
779 2360 976 2428 profecissemus.
985 2355 1110 2427 Ensllage
1122 2369 1188 2408 tem·

127 2435 186 2502 ille,
201 2436 324 2508 «Eripuit
332 2439 470 2490 mulierem
479 2440 559 2510 quoni
568 2459 637 2491 ama·
679 2439 761 2507 poris.
784 2436 827 2490 Ad
846 2437 898 2490 boc
921 2436 1069 2500 videamus,
1089 2449 1187 2508 quante

128 2514 188 2570 bct·
199 2516 245 2570 bic
254 2529 356 2570 scortum
365 2515 637 2584 dicit.Qnod,«irrnit
680 2517 772 2570 facetia
789 2518 816 2568 in
832 2535 880 2570 usu
898 2517 973 2569 verbi
989 2517 1021 2568 sit
1030 2517 1114 2582 facere
1133 2529 1187 2567 tem

128 2593 156 2646 in
172 2594 242 2650 edes
254 2597 351 2650 alienas
360 2624 371 2645 ι
384 2599 458 2668 qussi
470 2616 502 2650 ex
519 2597 582 2650 vino
593 2599 635 2650 fu·
679 2614 747 2666 saepe
757 2597 873 2665 repetiti,
885 2614 914 2648 oc
927 2594 1009 2648 modo
1028 2599 1183 2655 committere,

129 2691 190 2728 rens
200 2713 208 2741 ,
219 2689 324 2746 potare:
336 2675 410 2747 quod
420 2695 480 2730 cum
490 2677 548 2730 otiis
558 2695 635 2747 grave
679 2675 760 2735 modo
782 2678 888 2726 omittere
904 2675 1081 2744 significantis.
1097 2675 1186 2725 Perlet.

130 2756 294 2825 propositum
301 2770 346 2820 est,
354 2757 407 2808 hoc
417 2757 502 2810 solum
512 2755 636 2821 diceudo,
679 2783 717 2794 -
732 2753 769 2804 Et
780 2754 846 2803 illum
860 2765 885 2802 tu
897 2765 968 2804 turem.
985 2751 1188 2821 Ctesiphonem,

129 2833 187 2888 leve
200 2833 301 2895 reddit,
314 2833 343 2888 id
357 2847 409 2902 est,
415 2837 483 2902 sores
497 2836 634 2906 effringere.
679 2850 758 2902 quem
770 2830 840 2902 apud
851 2844 876 2883 te
888 2831 943 2884 ruri
953 2831 1041 2883 hahes.
1049 2864 1089 2872 -
1098 2832 1188 2902 Recci-

130 2912 224 2966 Dorct.
679 2911 788 2963 minutio
801 2924 887 2963 autern
903 2924 940 2963 est
949 2907 984 2963 ad
997 2911 1131 2981 superius,
1148 2929 1186 2962 vs.

171 2992 235 3052 103.
259 2994 318 3048 Non
341 3006 386 3046 est.
413 2994 475 3048 Hrec
502 2995 597 3046 obsunt
621 3013 636 3046 u
681 2993 734 3058 98¹,
750 2991 944 3056 tuillum,etc.;
961 2989 1114 3042 etmultum
1124 3008 1185 3060 pro·

128 3071 215 3126 Mart.
230 3075 282 3130 Det
294 3074 372 3126 Both.
385 3086 500 3144 potare...
514 3076 564 3126 Dn.
579 3075 637 3128 Non
679 3088 780 3140 gressus
798 3083 848 3135 est,
869 3089 991 3123 accusans
1011 3081 1185 3124 accusantem.

128 3158 192 3204 «Μ’
200 3153 253 3206 Mt.
266 3153 352 3224 Neque
358 3155 442 3220 sorem
454 3166 503 3206 etc.
550 3153 553 3158 ’
680 3181 718 3189 -
735 3148 764 3200 St
780 3170 839 3201 esses
854 3150 930 3200 Immo.
947 3149 981 3200 H.
998 3167 1021 3200 e.
1037 3149 1186 3212 humanus,

171 3239 235 3295 104.
245 3233 330 3305 Neque
341 3253 401 3303 ego,
412 3253 485 3303 neque
497 3244 531 3285 tr.
543 3230 641 3284 Bene:
681 3247 736 3280 non
747 3240 888 3298 tyrannus,
899 3247 953 3280 non
967 3223 1101 3280 erroribus
1111 3229 1186 3297 jure·

131 3308 199 3364 Edd.
217 3313 305 3368 Auen.
320 3313 401 3384 prim.
413 3331 485 3382 neque
501 3323 542 3374 tu,
565 3331 638 3382 neque
681 3326 819 3372 num,cen
831 3306 945 3378 flagitiis,
960 3305 1145 3358 irascensWe.

129 3409 181 3458 ego.
201 3391 291 3460 Guelf,
310 3413 339 3458 π,
352 3393 380 3444 id
397 3395 418 3444 si
434 3411 507 3463 neque
517 3393 635 3458 fecimus,
724 3406 788 3456 109.
801 3387 876 3439 Licet.
888 3387 945 3438 Par.
957 3403 984 3456 p.
997 3385 1145 3437 var.Decet.

128 3489 201 3540 neque
226 3491 281 3541 ego.
302 3504 343 3514 —
361 3471 424 3524 Hecc
445 3475 468 3523 si
486 3491 558 3542 neque
575 3489 635 3540 ego,
723 3485 788 3520 110.
809 3466 888 3518 Both.
906 3467 1019 3534 Exspect.
1035 3463 1076 3516 uhi
1098 3475 1119 3514 te
1141 3467 1188 3534 eje·

128 3569 202 3620 neque
216 3563 242 3604 tu
256 3549 308 3618 sec.
323 3551 392 3616 Quin
406 3549 488 3614 dixit,
509 3570 546 3604 vs.
569 3566 635 3603 roo:
680 3547 756 3598 cisset.
776 3545 921 3598 Palmerius
939 3544 1002 3614 legit
1018 3544 1134 3612 elegisset.
1148 3575 1187 3586 --

129 3629 205 3693 «Qui
226 3631 278 3686 nisi
298 3629 372 3702 quod
391 3631 448 3702 ipse
470 3630 547 3692 fecit,
570 3628 637 3680 nihil
681 3626 852 3696 Exspectatum
875 3625 919 3676 hic
939 3617 996 3684 est,
1020 3623 1093 3692 cujus
1117 3641 1189 3673 mors

128 3721 229 3764 rectum
244 3724 327 3781 putot
340 3736 351 3756 »
682 3706 709 3756 in
730 3704 786 3758 dies
805 3704 921 3776 singulos
934 3702 1134 3774 exspectabitur.
1148 3732 1188 3740 -

172 3789 234 3844 105.
251 3790 309 3844 Non
319 3793 381 3844 sicit.
393 3789 437 3844 sie
450 3788 498 3842 lib.
510 3787 593 3858 antiq.
606 3788 637 3840 In
686 3785 721 3836 Te
743 3787 846 3854 ejecisset
868 3786 948 3850 foras.
975 3783 1092 3846 Mortui,
1115 3780 1187 3852 apud

132 3869 223 3925 Bemb.
250 3872 299 3924 siit.
322 3870 381 3922 Per.
395 3889 423 3940 p.
445 3886 499 3920 var.
518 3869 582 3918 sinit.
599 3898 638 3909 -
682 3865 831 3928 Romanos,
857 3863 903 3916 uhi
930 3861 1042 3916 enimam
1068 3859 1196 3932 egerenti

131 3951 238 4016 Egestas
245 3951 339 4016 facere.
350 3949 518 4016 B0tb.sccere
527 3958 599 4016 egest.
682 3945 753 3996 lecto
764 3944 881 4008 extracti,
890 3941 966 3994 humi
975 3939 1189 4012 deponebantur,
1212 3955 1215 3959 ·

186 4034 247 4084 rofi.
262 4030 350 4084 Duces.
362 4029 406 4084 Sic
414 4029 460 4082 be.
471 4047 503 4082 cx
514 4045 568 4080 uno
577 4028 640 4095 ch.
684 4021 781 4078 deinde
806 4023 977 4086 lavabantur,
1006 4023 1206 4092 ungebantur„

965 4159 967 4164 ¹
998 4129 1046 4196 2¹1.
