2864 4776
330 387 584 458 PHORMIO.
616 387 722 456 ACT.
748 387 792 471 V,
818 383 886 455 SC.
912 385 999 456 VII.
1132 381 1198 456 331

122 509 172 576 Et
190 506 350 580 Phaedriae
373 493 492 582 curam
515 511 661 580 adimere
680 511 919 606 argentariam
1162 525 1200 565 ⁸⁸⁵

122 613 180 683 Ne
201 615 357 709 cuiquam
380 643 518 689 suorum
536 616 712 712 aequalium
735 615 875 712 supplex
892 617 963 686 siet.

124 719 217 789 Nam
237 721 324 792 idem
346 725 412 796 hoc
434 739 627 822 argentum,
646 725 693 794 its
709 738 748 792 ut
764 724 879 794 datum
896 721 953 811 ’st‚
972 721 1120 817 ingratiis

124 827 170 894 Ei
186 825 302 897 datum
320 831 402 900 erit:
422 833 488 902 hoc
510 829 568 926 qui
583 854 719 925 cogam,
740 855 777 899 re
799 831 870 923 ipsa
886 829 1027 924 repperi.

124 931 230 1003 Nunc
252 950 364 1029 gestus
386 937 470 1008 mihi
488 935 664 1031 voltusque
685 951 737 1005 est
753 935 942 1030 capiendus
961 957 1079 1004 novus.

125 1038 194 1107 Sed
215 1038 294 1110 hino
314 1044 498 1114 concedam
520 1045 556 1112 in
582 1044 797 1138 angiportum
823 1042 890 1111 hoe
908 1064 1121 1134 proxumum.
1163 1053 1203 1105 ἰο

123 1144 210 1214 Inde
225 1145 316 1217 hisce
338 1151 513 1221 ostendam
536 1173 606 1237 me,
629 1149 688 1218 ubi
709 1162 808 1218 erunt
826 1150 949 1244 egressi
967 1148 1067 1218 fores.

122 1251 206 1340 Quo
226 1278 280 1322 me
295 1255 532 1327 adsimularam
549 1259 598 1326 ire
621 1255 665 1324 ed
684 1269 890 1342 mereatum,
906 1281 976 1325 non
994 1279 1045 1324 eo.

122 1431 192 1488 We.
202 1436 312 1488 ludendi.
325 1467 361 1478 -·-
371 1444 485 1500 Summa,
501 1438 640 1509 preclara.
685 1437 732 1508 qui
742 1436 780 1490 ite
791 1436 905 1508 explicat
913 1449 940 1490 et
950 1435 1103 1510 distinguit:
1115 1434 1201 1490 «Nam

120 1543 160 1553 -
173 1516 287 1567 Occasio.
298 1513 338 1568 Ee
346 1535 462 1590 namque
471 1517 576 1570 occasio
586 1527 641 1582 est,
684 1515 756 1570 idem
777 1515 830 1568 hoo
848 1529 990 1588 argentum
1008 1516 1046 1569 ite
1060 1526 1091 1568 ut
1108 1513 1200 1568 datum

120 1602 154 1644 ut
165 1591 249 1666 fingat
261 1593 389 1650 Phormio
401 1597 470 1651 velle
480 1615 509 1650 se
520 1615 579 1650 eam
592 1593 642 1649 du·
684 1609 723 1650 est
736 1595 871 1667 ingratiis,
893 1595 942 1650 His
960 1595 1054 1649 datum
1071 1595 1130 1649 erit.
1138 1621 1151 1641 a
1166 1593 1201 1648 Id

121 1689 184 1726 cere
196 1672 326 1741 uiorem,
338 1677 462 1748 quiajam
471 1695 486 1729 s
496 1674 640 1730 viroevelli
664 1705 668 1716 .
683 1688 741 1730 est:
760 1674 984 1747 «Argentum'its
1002 1685 1032 1728 ut
1051 1673 1145 1728 dutum
1163 1683 1202 1728 est

120 1769 179 1804 non
191 1763 297 1823 potest;
315 1754 352 1807 ito
371 1766 419 1818 ut,
433 1774 518 1827 quum
531 1755 571 1807 illi
584 1768 640 1807 non
672 1753 819 1826 ingratiis,
831 1773 881 1808 seu
899 1773 916 1807 a
931 1754 1038 1808 senibus
1056 1754 1115 1808 sine
1130 1755 1201 1825 justa

120 1829 244 1884 dederint
254 1849 365 1886 uxorem
373 1871 382 1901 ,
391 1835 540 1888 necessario
549 1833 640 1888 dotem
683 1851 764 1887 causa
777 1853 825 1906 per
837 1833 961 1888 fraudem
974 1843 1107 1888 extortum
1115 1857 1129 1879 n
1136 1868 1145 1895 ,
1158 1831 1201 1884 his

120 1909 256 1964 amittant.
682 1911 776 1966 datum
794 1912 861 1979 erit,
881 1912 940 1966 soil.
958 1911 988 1964 in
1005 1929 1084 1966 usum
1102 1911 1200 1964 horum

159 1990 222 2044 885.
241 1993 369 2045 Adimere.
391 1982 552 2046 Arsinoeo
571 2011 638 2063 pro,
681 1990 833 2062 (adolere.)
853 1995 938 2045 cedet.
960 1990 1013 2045 ssd
1031 1990 1200 2044 hoedorum

121 2071 260 2124 adurendi.
282 2101 317 2110 —
340 2074 430 2124 (iuram
452 2074 639 2140 argentariam,
682 2083 742 2137 est;
766 2089 816 2124 nee
838 2071 920 2124 latine
942 2069 1028 2123 doctis
1056 2069 1200 2143 approbari

120 2165 216 2200 curam
232 2148 410 2220 nonquirendi
426 2151 539 2221 argenti.
553 2151 638 2218 Nota,
681 2163 778 2223 potest.
793 2155 896 2204 Boecler.
913 2180 949 2192 -
965 2155 1018 2201 Hoc
1035 2151 1082 2219 qui
1097 2167 1197 2218 cogam.

120 2245 177 2280 non
182 2226 483 2300 solvendamsignifieeri
488 2231 640 2302 pecuniam,
682 2231 744 2297 Quo
755 2243 835 2303 pacto
847 2230 970 2302 colligam
984 2230 1036 2283 hoo
1049 2239 1198 2302 argentum.

121 2323 184 2377 qum
208 2305 371 2380 jamdudum
398 2309 485 2362 soluts
508 2321 565 2362 erat
589 2327 639 2381 pro
718 2311 851 2378 890.Hine.
863 2310 903 2363 nl.
913 2313 961 2376 lie,
970 2308 1055 2363 invito
1063 2309 1200 2362 Terentio.

124 2377 247 2438 Phaedria
257 2386 349 2440 lenoni
358 2407 366 2454 3
376 2385 465 2442 sedcf.
473 2389 567 2462 r.837‚
575 2388 639 2456 838,
683 2419 717 2430 -
726 2395 788 2444 Hoc.
800 2391 863 2443 Duo
873 2391 951 2443 Bent.
963 2388 1042 2443 codd.
1055 2391 1127 2440 tune.
1138 2391 1200 2442 Non

122 2464 262 2536 quomodo
277 2479 417 2539 argentum
430 2467 498 2522 illud
510 2487 566 2522 non
576 2469 638 2524 red-
682 2467 780 2542 inepte.
793 2468 900 2522 Dicitur
914 2468 987 2520 enim
1001 2471 1162 2537 angiportum
1173 2478 1200 2520 et

122 2543 204 2598 detur
214 2545 322 2599 senibus
333 2546 462 2619 deceptis.
474 2553 563 2601 Perlet.
580 2569 584 2578 ·
682 2550 836 2616 angiportus.
850 2579 886 2590 —
899 2551 1068 2616 Angipormm.
1084 2547 1138 2601 Via
1151 2565 1200 2600 nn·

157 2625 219 2678 886.
226 2629 266 2677 Ne
274 2628 389 2694 cuiqrtam
396 2645 508 2693 suorum,
520 2628 639 2682 eto.Non
682 2639 761 2696 gusta
771 2638 820 2680 est.

120 2721 229 2758 necesse
242 2703 292 2756 erit
303 2704 341 2756 illi
360 2705 479 2758 mutuari
497 2707 531 2758 ab
546 2706 639 2760 amieis
718 2707 779 2774 891.
791 2709 879 2769 Hisce,
891 2703 998 2758 senibus
1007 2722 1104 2776 nempe
1115 2705 1200 2759 Chre-

120 2794 147 2836 et
158 2783 313 2856 equalibus.
326 2784 426 2856 Supra,
441 2801 481 2857 ys.
497 2783 561 2850 ⁵34,
576 2785 638 2840 535.
682 2785 746 2845 meti
755 2797 781 2837 et
791 2783 1113 2856 Demiphoni—Egressi
1115 2786 1200 2852 forus,

157 2863 219 2933 887.
232 2868 274 2914 lea
287 2877 315 2914 ue
325 2867 410 2914 darum
425 2867 463 2915 'sn
473 2863 504 2917 C.
518 2864 552 2918 G.
565 2883 602 2916 m.
613 2875 640 2918 et
683 2881 714 2916 ex
726 2862 828 2918 sedibus
839 2863 1024 2934 Demiphonis.

120 2941 184 2994 Bru.
203 2959 228 2992 c.
244 2959 269 2994 e.
287 2943 360 3013 expl.
373 2944 442 2993 mili.
458 2973 494 2984 —
509 2946 638 3012 Ingratiis.
718 2945 778 3010 89².
792 2948 846 3010 Quo
860 2963 899 2996 me
913 2946 1058 2997 adsimulat.
1072 2941 1198 2997 etnvid.

120 3019 203 3091 Vulg.
215 3021 335 3088 ingratia
346 3032 372 3074 et
381 3019 509 3094 intellige,
520 3023 555 3076 ab
568 3021 639 3078 inri-
682 3041 757 3094 supr.
769 3023 830 3093 837.
843 3053 876 3064 -
888 3027 946 3075 Non
961 3041 1008 3087 eo,
1021 3041 1071 3094 pro
1084 3043 1134 3074 non
1149 3025 1197 3074 ibo.

120 3097 156 3151 tis
167 3097 282 3151 senibus.
680 3100 1200 3174 -Quaeritnonnemoequidopusiuit

157 3176 220 3232 888.
235 3179 270 3230 Εἰ
279 3179 443 3242 datum‚ete.
453 3183 487 3232 Ei
498 3193 579 3234 reete.
592 3181 636 3236 Se.
680 3181 738 3235 heo
766 3180 876 3234 dicere?
904 3179 1070 3250 Responderi
1096 3179 1199 3232 debete

120 3255 257 3310 Plroedriae.
273 3257 316 3308 tl.
333 3260 593 3330 lis‚perperem.-
606 3264 639 3314 Ei
680 3261 791 3314 omnino
809 3278 878 3333 opus
893 3259 983 3311 luisse.
998 3260 1085 3311 Antea
1105 3257 1199 3322 enim,

120 3339 209 3388 datum
235 3338 291 3389 erit.
317 3337 383 3391 sub.
414 3337 559 3404 Phsdrim
584 3339 637 3395 hoo
679 3339 731 3392 loe.
744 3339 790 3394 eit.
807 3338 978 3394 eonstitnerst
989 3337 1136 3401 Phormio,
1150 3337 1200 3390 ab·

119 3431 219 3470 senen:
235 3434 320 3469 «num
330 3417 383 3472 hoo
394 3429 548 3491 argentum,
560 3419 596 3474 ite
605 3431 637 3474 ut
679 3419 793 3474 sentiam
810 3417 951 3482 simulare,
964 3417 1077 3470 obtentu
1092 3433 1197 3470 merea·

120 3493 218 3549 datum
236 3505 276 3550 est
292 3497 445 3570 (quidquid
463 3509 503 3552 est
521 3500 574 3552 hoo
593 3517 637 3553 er·
679 3510 732 3562 tus,
741 3509 900 3571 tempusque
909 3494 1199 3570 perpotsndotrslrere3

118 3575 194 3648 genti
208 3595 264 3648 quo
278 3578 385 3630 emunxi
401 3582 503 3650 senes),
516 3579 637 3651 ingratiis
680 3576 1199 3649 nuneoblstsnoseoccasionesliqunm

119 3656 147 3707 ei
162 3655 254 3710 dutum
273 3657 343 3722 erit,
362 3656 381 3709 i.
400 3675 423 3711 e.
440 3658 469 3712 id
489 3658 532 3714 rel
547 3657 637 3712 invitis
680 3657 715 3710 ad
728 3675 803 3710 senes
816 3657 945 3710 fabricam
956 3655 1091 3727 fingendi,
1105 3653 1198 3726 prodi·

119 3735 284 3790 hissenibus
296 3735 638 3810 habebit3neqnedered-
681 3749 775 3791 turum
792 3735 822 3789 in
841 3737 980 3809 publicum
996 3735 1095 3797 seuit,
1111 3751 1200 3806 noque
1249 3769 1251 3776 ,

118 3813 212 3878 dendo
229 3815 345 3887 cogitare
357 3831 425 3887 opus
437 3816 574 3872 habebit..
593 3817 640 3872 Est
682 3817 784 3872 itineris
794 3829 925 3891 protextu
934 3834 1057 3872 murum.
1071 3819 1173 3868 Boeeter.
