2824 4778
237 327 312 412 260
449 317 1091 394 Punnlltssltssntltnnttt
1199 323 1202 333 '

233 493 1306 540 msmmwwmmwmmmmmmwsmmmmmmw

419 701 659 816 ACTUS
698 706 1118 814 SECUNDUS.

622 938 911 970 mun-ow·-

447 1085 452 1092 ’
540 1125 737 1224 scens
772 1123 988 1222 PRIMA.

402 1425 410 1437 ,
451 1339 678 1412 neminen.
707 1343 838 1412 GETA.
868 1299 1105 1412 penninis

233 1512 435 1634 DmITAns
450 1553 584 1624 tandem
600 1575 739 1620 uxorem
751 1551 845 1620 duxit
862 1549 1011 1646 Antipho
1025 1553 1152 1646 injussu
1168 1546 1272 1624 meo?

234 1669 308 1740 Nec
322 1687 434 1736 meum
448 1661 643 1756 imperium,
661 1683 700 1728 ac
711 1659 807 1730 mitto
817 1659 1008 1753 imperium,
1022 1685 1091 1728 non
1105 1659 1306 1732 simultatem

394 1793 504 1838 meam

234 1877 394 1951 Revereri
411 1871 548 1944 saitem?
562 1897 630 1941 non
647 1870 800 1967 pudere?
814 1897 834 1940 0
857 1871 984 1942 facinus
1006 1868 1130 1942 audax!
1145 1899 1166 1943 0
1181 1876 1269 1944 Geta

235 1978 400 2057 Monitor!
412 1983 454 2050 G.
462 1980 528 2049 Vix
545 1979 690 2048 tandem.
709 1981 772 2049 Dis.
785 1977 876 2069 Quid
891 1978 975 2050 mihi
986 1977 1117 2050 dicent?
1130 1995 1189 2050 aut
1206 2003 1304 2076 quam

392 2109 525 2158 causam
540 2083 729 2180 reperient?

269 2277 328 2329 Aet.
345 2271 391 2333 ll,
410 2289 447 2322 se.
463 2288 483 2322 1.
502 2269 566 2321 Hsec
586 2279 626 2320 est
646 2265 747 2320 Mureti
791 2268 1245 2341 nitortNihilverinsquemsene'm
1254 2270 1304 2324 hoc

163 2391 165 2400 .
234 2374 313 2410 scena
334 2351 427 2425 quinta
446 2362 498 2401 aet.
521 2347 553 2410 1;
573 2346 667 2400 eadem
688 2347 747 2418 Bip.
791 2346 878 2400 veile:
892 2351 1119 2400 oGetamonitor:
1133 2349 1162 2401 id
1176 2351 1304 2416 est‚hnie

233 2435 308 2490 tertia
320 2444 371 2486 eet.
380 2431 417 2483 11.
426 2459 460 2469 -
471 2429 503 2480 In
515 2437 597 2500 portu
607 2443 685 2478 senex
698 2425 748 2477 du·
791 2425 903 2479 mandes
915 2467 922 2492 ,
932 2428 955 2478 si
968 2427 1034 2500 qnid
1043 2441 1115 2482 recte
1128 2442 1252 2482 curetum
1260 2450 1303 2483 ve·

233 2516 299 2568 nisse
312 2513 399 2566 filium
413 2527 491 2561 suum
504 2523 614 2560 uxorem
635 2503 746 2568 audivit.
792 2502 832 2556 lis.
842 2507 875 2557 Τὸ
887 2509 994 2557 monitor
1000 2506 1134 2578 duplicem
1146 2509 1201 2562 vim
1215 2509 1305 2570 habet,

234 2596 329 2650 Secum
338 2585 578 2662 ergoconqtteritur
590 2585 651 2638 satis
663 2584 748 2637 sdmi·
793 2595 850 2636 tum
868 2603 900 2638 ex
920 2584 1097 2638 destinatione
1116 2577 1151 2639 ed
1172 2588 1304 2646 officium,

234 2687 327 2737 retus,
349 2668 423 2742 quod
448 2666 493 2720 ilie
515 2675 620 2718 tentum
645 2665 748 2717 facinus
791 2675 852 2715 tum
877 2682 910 2716 ex
927 2664 1143 2736 prevaricatione
1165 2667 1239 2737 ejus,
1262 2667 1305 2737 qui

234 2771 314 2806 tusus
328 2750 359 2802 sit
373 2749 493 2820 implere.
511 2747 575 2800 Haee
589 2743 656 2799 adeo
669 2759 749 2798 scena
793 2742 939 2796 destinatus
953 2755 1016 2796 erat.
1035 2743 1103 2796 Geta
1125 2745 1206 2816 igitur
1225 2764 1305 2818 quum

234 2831 352 2886 eontinet
365 2826 574 2878 -accusationem
592 2837 620 2878 et
641 2835 749 2878 contro·
793 2823 862 2876 facta
881 2835 907 2875 et
919 2824 1031 2876 virtutes
1046 2841 1107 2877 suas
1123 2823 1151 2875 in
1164 2823 1218 2877 hoc
1229 2843 1305 2879 voea-

234 2909 356 2963 versiam.
368 2908 493 2973 Eugrapb.
793 2902 876 2967 bulo,
888 2919 940 2954 non
955 2901 1037 2955 modo
1049 2916 1079 2955 ut
1091 2903 1304 2956 dicebamus-sed

271 2988 330 3039 231.
352 2990 424 3034 Itane
436 2986 546 3034 tandem.
559 2979 711 3035 Iracundiae
725 2994 750 3034 et
793 2993 824 3032 ut
833 2993 917 3046 erent,
925 2994 1087 3052 agnosceret,
1099 2981 1133 3035 ad
1144 2983 1307 3043 Phndriem‚

234 3063 372 3120 stomacho
384 3061 496 3114 inservit
505 3061 532 3113 τὸ
545 3063 654 3112 tandem.
793 3057 856 3114 cum
874 3061 981 3113 subrisit
998 3073 1025 3113 et
1046 3063 1153 3131 εἰρωνείᾳ
1175 3067 1313 3134 niestein·

272 3145 332 3200 232.
356 3147 395 3194 Ae
419 3142 497 3192 mitto.
524 3139 583 3192 Lib.
604 3149 658 3190 ent.
680 3158 744 3206 age,
791 3143 949 3190 nietandem
959 3139 1056 3211 inquit.
1069 3139 1151 3205 Quod
1165 3154 1223 3194 est:
1241 3161 1307 3214 «ego

235 3229 315 3287 mitto,
329 3233 358 3276 ut
366 3221 394 3274 in
405 3220 496 3274 Bemb.
506 3229 552 3272 est.
561 3247 596 3258 -
607 3221 659 3268 Nec
669 3235 749 3270 meum
792 3235 857 3270 vero
868 3220 992 3272 monitor.
1002 3243 1013 3266 ι
1027 3219 1064 3272 Ut
1075 3219 1103 3272 in
1116 3219 1235 3286 Andria,
1249 3222 1308 3292 597,

235 3307 380 3374 imperium,
397 3291 430 3352 αὶ
447 3301 531 3362 mitte,
543 3307 594 3349 etc.
608 3295 655 3349 His
668 3293 749 3352 dietis
794 3298 885 3350 Davus
897 3297 978 3350 simili
991 3299 1111 3370 eigamma
1126 3317 1224 3370 genere
1238 3301 1308 3354 dixe

234 3403 299 3437 usus
312 3393 351 3436 est
364 3375 520 3440 Cicero‚ad
533 3377 586 3428 nn.
601 3376 647 3442 11,
660 3393 702 3444 19,
715 3375 750 3430 de
793 3389 857 3429 rat:
878 3379 958 3450 eEgo
978 3395 1044 3432 vern
1064 3379 1169 3432 solun·
1190 3382 1259 3433 Nem
1281 3383 1309 3434 τὸ

216 3489 220 3496 ‚
236 3462 321 3515 Statio
335 3479 385 3515 suo
397 3456 562 3515 manumisso
576 3455 749 3508 adhibitis.-
793 3457 891 3508 tandem
908 3458 953 3510 hin
968 3461 994 3510 tn
1006 3459 1163 3529 aasentias
1177 3459 1309 3527 significat
1392 3511 1393 3516 ,

234 3547 273 3593 Ae
291 3543 359 3591 utino
382 3539 517 3605 imperinm.
531 3535 594 3589 Haee
610 3535 687 3607 quasi
699 3553 749 3606 pa·
793 3548 871 3598 vero,
888 3541 1018 3606 equidm,-
1033 3539 1050 3590 i.
1070 3559 1093 3590 e.
1113 3539 1220 3610 egregie
1233 3540 1310 3593 cessit

234 3617 353 3673 renthesi
383 3613 569 3669 includuntur.
594 3615 636 3668 Ne
662 3613 748 3668 dicam
792 3617 929 3687 provincia
951 3637 1034 3690 quam
1053 3617 1120 3690 cepi.
1141 3617 1229 3682 Quasi
1246 3639 1311 3673 vero

235 3697 387 3769 imperium,
396 3693 575 3770 quippequod
584 3694 669 3748 levius
678 3696 747 3748 sorte
791 3695 830 3747 illi
846 3695 1027 3751 adolescentes
1039 3697 1217 3769 indiguissent
1229 3699 1311 3772 hujus

235 3773 392 3830 inobediens
404 3773 476 3826 filins
496 3772 657 3826 existimarit.
668 3804 704 3815 -
712 3775 749 3824 Si·
791 3775 944 3839 monitoris‚
958 3777 1006 3849 qui
1016 3775 1156 3830 libidinem
1167 3779 1252 3832 animi
1262 3779 1312 3832 du·

233 3859 376 3918 mulcatum,
389 3850 609 3924 indignationem.
704 3923 708 3932 ,
793 3871 852 3906 cem
874 3855 909 3908 ad
931 3856 1025 3908 omnin
1044 3867 1070 3908 et
1089 3857 1245 3928 magistram
1263 3859 1310 3910 ha·

271 3935 331 3998 234.
359 3935 498 4001 deperient.
521 3931 599 3986 Solus
627 3931 748 3984 omnium
793 3933 896 3986 herent.
912 3933 1027 3988 Comicae
1048 3947 1110 3988 sunt
1127 3935 1169 3987 hee
1189 3935 1310 3989 interru-

233 4014 366 4079 Perletus,
379 4015 511 4077 reperierit.
530 4043 565 4054 -
577 4015 601 4065 0
614 4013 677 4062 Geta
691 4015 748 4060 Mo·
793 4011 898 4082 ptiones
910 4025 935 4064 et
946 4013 1045 4067 festive
1053 4053 1061 4078 ,
1069 4031 1134 4085 ques
1144 4014 1215 4069 inter
1223 4015 1310 4068 conti-
