2834 4788
227 351 274 425 ιι
437 345 619 420 runnu
644 342 899 444 ιιιιιιιιι
927 347 1049 418 arar

221 488 318 575 Quin
339 507 468 577 semper
481 484 601 550 veniat.
623 484 698 554 Sos.
769 476 820 575 l'tps
839 505 989 550 mearum
1007 496 1057 550 est
1080 482 1286 550 miseriarum

387 588 576 657 remedium.
1249 613 1286 664 ‚9⁵

230 701 293 768 Ca.
320 699 409 764 Ere
439 695 516 762 nata
547 687 662 762 melius
687 693 759 760 fieri
776 693 867 762 haud
890 692 1017 786 potuit,
1039 715 1139 786 quam
1163 691 1289 760 factum

388 803 445 885 ’,st
463 799 561 884 hera,

229 907 375 997 Quando
389 907 504 974 vitium
520 904 671 973 oblatum
689 918 756 990 est,
770 903 859 998 quod
876 901 918 970 ad
941 901 1032 971 illum
1046 869 1164 972 attinet
1181 904 1285 997 potis·

389 1011 524 1096 simum,

228 1119 360 1202 Talem,
378 1116 434 1184 tali
452 1139 571 1210 genere
589 1129 687 1208 atque
705 1117 833 1199 animo,
851 1129 965 1182 natum
984 1137 1024 1181 ex
1043 1126 1137 1181 tanta
1155 1112 1289 1182 familia.

229 1228 305 1294 Sos.
330 1228 380 1292 lta
407 1221 548 1316 polest,
572 1233 611 1288 ut
627 1219 728 1288 dicis:
752 1219 861 1289 salvus
876 1220 988 1306 nobis,
1008 1221 1097 1290 Deos
1113 1243 1239 1312 quaeso,
1253 1235 1292 1288 ut

389 1343 458 1396 siet.

274 1483 340 1553 ⁸195.
383 1483 493 1536 Meerom
520 1489 557 1531 est
585 1484 739 1540 miserturum,
784 1495 848 1534 vum
862 1479 895 1533 a'd
908 1481 1184 1547 AEschinum‚utvult
1193 1479 1292 1534 Donat.

234 1565 288 1617 Alii
299 1563 403 1634 dispon.
422 1580 524 1614 mearam
536 1564 682 1612 miseriarum
697 1573 740 1612 est.
784 1559 961 1614 referendum.

234 1667 274 1687 a·-
287 1644 460 1714 Quin-serpae
470 1644 561 1692 ueniat
577 1640 628 1692 Per
638 1648 743 1692 πλιονα-
828 1641 891 1706 298.
922 1641 981 1692 Tali
1000 1659 1085 1710 genere
1099 1651 1182 1769 larque
1199 1641 1291 1691 animo.

233 1725 293 1793 «μὸν
311 1719 418 1774 additur
428 1740 526 1791 semper
545 1738 627 1790 quum
646 1719 743 1772 dixerit
786 1719 883 1789 Delph.
898 1721 944 1770 tata·
959 1739 1059 1790 genere,
1074 1719 1119 1769 tali
1134 1722 1221 1771 animo.
1239 1717 1294 1770 Pro

233 1819 352 1874 nunquam
371 1821 442 1852 unum
455 1801 517 1852 dem
533 1803 625 1850 interm
640 1797 692 1851 Sed
708 1797 742 1850 de
785 1817 870 1868 genere
893 1799 968 1852 Bent.
990 1798 1098 1869 fingit
1088 1801 1192 1866 ingenio.
1216 1797 1295 1850 Nihil

235 1880 363 1934 industria
377 1879 500 1948 ponitur,
519 1897 572 1948 quo
588 1879 682 1930 melius
700 1881 745 1929 AE·
788 1878 858 1930 enim
872 1877 997 1930 interesse
1009 1879 1078 1930 inser
1090 1895 1165 1946 gemo
1178 1895 1208 1929 ac
1216 1873 1297 1942 sarna

236 1959 321 2012 schini
344 1957 521 2011 assiduitatem
544 1947 682 2026 significet.
704 1987 744 1998 -
788 1958 846 2008 liam
860 1955 1127 2022 fortitercoutendit,
1119 1954 1204 2008 ·ideo
1222 1958 1295 2008 Don.

234 2041 290 2091 Nec
302 2057 391 2108 semper
406 2036 440 2088 ad
460 2054 538 2088 omne
558 2049 662 2105 tempus
679 2035 745 2088 refe·
788 2036 876 2108 quiin
889 2037 994 2106 vulgata
1010 2037 1163 2106 acquiescat
1168 2036 1296 2102 lectione,

236 2115 351 2171 rendum
364 2129 418 2180 est,
436 2127 466 2168 ut
477 2115 546 2167 hene
561 2101 745 2166 animadvertit
789 2116 850 2168 satis
870 2112 1003 2180 laborare,
1021 2113 1155 2186 quomodo
1168 2133 1244 2184 gertus
1259 2109 1296 2167 ab

236 2200 330 2249 Donat
342 2214 436 2247 verum
448 2193 483 2246 ad
498 2191 664 2258 omnesdies,
670 2191 755 2244 nullo*
780 2195 881 2260 faenilia
897 2155 1049 2264 distinguat.
1071 2194 1153 2264 Atqui
1175 2195 1297 2246 Donatus

237 2295 292 2345 unq
294 2293 353 2327 uam
368 2273 514 2326 deficiente
789 2272 949 2344 distinguit
941 2286 1010 2326 mter
1026 2292 1056 2325 ea
1069 2292 1145 2342 genus
1166 2271 1201 2326 ad
1220 2274 1298 2326 vivos

277 2358 342 2422 296.
360 2347 386 2405 E
409 2373 434 2404 re
457 2363 525 2404 nato.
548 2315 635 2405 Codd.
661 2351 737 2403 Bent
788 2351 943 2418 referendo,
950 2353 1072 2419 samalmm
1093 2351 1128 2406 ad
1146 2351 1297 2407 destructos

238 2451 310 2486 omn.
324 2444 395 2483 aeteae.
404 2431 492 2484 Guelf.
508 2432 534 2494 3,
545 2441 745 2482 reserante-
788 2432 856 2486 Sunt
866 2450 912 2502 qui
922 2451 996 2500 genus
1010 2425 1300 2504 pertinereeuistimant

237 2513 264 2564 E
276 2532 302 2562 re
320 2524 379 2564 nata
396 2509 545 2580 meltusfien'
567 2509 634 2560 lund
652 2512 742 2578 pouit,
788 2510 822 2564 ad
836 2498 998 2566 nobilitatem
1008 2509 1297 2581 ,familiamadeopias

238 2611 310 2682 quam
326 2592 420 2658 suetum
447 2591 484 2642 '.st
518 2586 745 2657 Quandoquidem
788 2591 870 2654 Infra,
887 2597 949 2667 410,
966 2597 1031 2666 4¹²·
1048 2591 1174 2643 Perdet-
1201 2589 1297 2643 Talem

238 2671 348 2734 istas-es,
359 2668 388 2723 id
400 2683 448 2733 est,
464 2668 586 2720 filietate
594 2665 746 2737 graviditas,
789 2655 1032 2740 Apuleliritudine.
1043 2671 1300 2723 -Natumeeteata

238 2763 299 2802 nata
309 2763 357 2818 est,
364 2750 432 2801 nihil
443 2768 475 2801 ex
486 2749 538 2800 hoc
547 2759 642 2800 eventu
651 2747 751 2818 melius·
781 2748 891 2818 familia.
906 2751 945 2803 Ex
960 2747 1041 2801 domo
1054 2763 1107 2802 tam
1120 2747 1210 2802 divite.
1226 2749 1300 2820 Ergo

240 2829 392 2898 contingere
412 2828 513 2896 potuit,
531 2845 611 2896 quam
627 2828 745 2896 contigit.
791 2831 931 2898 sategeram
945 2827 978 2880 ud
990 2826 1156 2882 nobilitatem
1172 2829 1299 2891 refertur,

239 2907 337 2958 -Sin
350 2907 442 2975 legeris
457 2926 504 2956 ere
514 2909 588 2968 reate,
599 2902 746 2974 intelligeu-
791 2921 817 2960 et
831 2909 955 2972 fizmc'liam
976 2905 1010 2958 ad
1034 2909 1133 2980 copias.
1154 2907 1211 2960 Nisi
1236 2924 1301 2960 cum

241 2985 306 3038 dum
317 2985 367 3037 erit
382 3003 442 3036 cum
456 2984 541 3036 Bentl.
560 3010 570 3030 ι
587 3001 618 3036 ex
628 3003 747 3036 commo·
790 2987 877 3038 Bentl.
887 2987 937 3040 hoe
948 2977 1090 3038 discrimen
1103 2987 1303 3049 aDo'natocon·

239 3057 275 3138 do
289 3063 350 3116 filie
361 3077 430 3126 tuae,
451 3089 461 3109 ι
479 3064 538 3129 vel,
553 3081 613 3115 cum
628 3064 746 3128 Donato,
790 3066 912 3116 stitutum
924 3065 989 3116 velis
1002 3085 1131 3136 reponere
1146 3067 1216 3118 inter
1228 3092 1240 3113 «
1255 3063 1303 3117 de·

243 3169 255 3190 ι
267 3161 299 3196 ex
312 3143 377 3196 vitio
388 3143 504 3214 virginis.
517 3165 528 3189 ι
791 3144 929 3196 litamenta
938 3143 1138 3214 Magistrorum,
1149 3145 1302 3216 qui,quum

285 3241 349 3294 ²97·
371 3224 476 3292 Quando
493 3226 577 3274 uitium
594 3223 670 3274 oblat.
687 3222 746 3292 Bip.
792 3223 933 3276 emendare
956 3225 1086 3288 nesciant,
1105 3226 1199 3296 quovis
1217 3221 1302 3278 modo

240 3303 316 3354 oblat.
332 3297 427 3373 quaudo
436 3306 530 3356 vitium.
540 3333 580 3342 -
591 3301 696 3370 Quando
707 3305 746 3350 vi·
792 3301 922 3372 explicare
937 3303 1044 3368 audent,
1056 3317 1081 3356 et
1092 3323 1142 3375 pro
1153 3323 1248 3372 genere,
1257 3323 1304 3356 re·

242 3383 414 3434 tiumoblatum
428 3381 675 3454 est,quodadillum
689 3383 748 3430 atti·
792 3380 898 3434 stituere
918 3388 1045 3452 ingenio.»
1067 3414 1108 3431 ψ-
1129 3383 1191 3436 Haec
1209 3383 1303 3436 omnis
1400 3439 1402 3447 ,

242 3473 297 3524 aet,
314 3475 366 3515 etc.
381 3459 408 3514 Si
424 3459 531 3532 quidem
546 3457 612 3512 illud
628 3472 748 3530 stuprum
792 3465 942 3530 παρέκτασις
969 3461 1065 3534 tragica
1085 3477 1124 3515 est
1142 3459 1304 3532 gaudiorum

241 3539 315 3612 quod
325 3553 391 3594 natae
405 3552 456 3593 tuse
469 3539 578 3610 pervim
588 3538 689 3590 illatum
701 3552 748 3602 est,
792 3537 953 3594 introductio
959 3555 1018 3596 ante
1025 3541 1305 3594 funestissimumnun·

182 3629 185 3633 '
239 3619 274 3672 ad
283 3619 369 3685 iilum,
381 3618 415 3671 ad
426 3619 644 3682 AEschinum,sc.
658 3631 749 3671 aucto·
794 3620 869 3674 tium.
884 3621 947 3674 vid.
961 3641 1030 3674 seen.
1047 3639 1100 3691 seq.
1112 3621 1179 3674 Don.

241 3719 299 3751 rem
311 3701 412 3751 attinet.
426 3695 578 3750 —Eadem
595 3699 694 3750 locutio
709 3701 749 3750 vi·
833 3719 898 3770 ²99·
928 3700 1013 3752 Salvus
1034 3701 1110 3753 nobis.
1131 3701 1211 3752 Abest
1232 3701 1305 3754 nobis

241 3781 299 3828 tium
309 3778 414 3829 oblatum
422 3777 538 3830 occurrit
547 3775 748 3846 Hecyr.v.383.
794 3777 881 3832 Guelf.
900 3780 925 3832 3.
940 3809 979 3823 -
997 3780 1037 3831 Ito
1051 3781 1097 3848 pol
1117 3793 1164 3846 est,
1186 3791 1213 3832 ut
1231 3779 1302 3834 dieis.

241 3857 451 3909 -Potissimum
471 3855 648 3918 Felicissime,
667 3856 749 3908 itaut
794 3857 880 3922 Quam
887 3859 951 3911 saiso
956 3857 1231 3928 judicavisseSostrata
1235 3861 1307 3930 jam·

241 3935 352 3990 nihileis
363 3937 460 4006 potius.
472 3937 508 3990 Et
523 3949 561 3988 est
574 3933 634 3988 adv.
646 3935 668 3986 si
681 3935 748 3988 bene
791 3939 845 4008 jam
858 3935 908 3990 sibi
924 3935 1071 3990 videbitur!
1086 3937 1220 3993 -Salros
1233 3941 1304 3992 uobis

238 4015 405 4082 noverimus,
418 4017 587 4087 potiusquam
611 4015 749 4085 superlati·
793 4030 820 4068 ut
830 4021 883 4070 siet.
897 4015 978 4071 Nobis
989 4029 1115 4070 servetur.
