2854 4774
306 399 566 468 ruonuio.
591 403 697 474 ror.
726 410 794 495 1v,
821 411 892 490 sc„
914 413 957 480 v.
1092 409 1165 504 309

359 665 581 756 scunt
614 673 900 786 Quium.

322 913 546 982 DEMIPHO.
569 915 697 984 GETA.
721 915 944 990 CHREMES.

98 1127 165 1191 Da.
187 1124 328 1211 Quietus
350 1137 441 1209 esto,
459 1125 617 1218 inquam:
638 1150 700 1219 ego
721 1127 864 1216 curabo,
881 1155 924 1198 ne
944 1132 1023 1224 quid
1042 1135 1158 1205 verbo·

255 1254 328 1297 rum
348 1229 428 1297 duit.
882 1243 886 1250 '

21 1427 22 1432 ἵ
96 1339 171 1404 Hoc
200 1349 323 1404 temere
352 1359 521 1428 nunquam
548 1337 696 1405 amittam
725 1363 787 1434 ego
817 1365 836 1409 a
863 1365 936 1429 mc,
961 1345 1042 1438 quin
1076 1348 1158 1428 mihi

255 1448 360 1510 testes
371 1441 558 1510 adhibeam.

95 1549 158 1618 Cui
186 1548 283 1636 dem,
303 1562 337 1617 et
363 1547 579 1641 quamobrem
611 1548 707 1636 dem,
735 1553 1013 1622 commemorabo.
1042 1558 1083 1626 G.
1105 1559 1154 1630 Ut

251 1669 367 1723 cautus
388 1667 453 1740 est,
470 1654 527 1722 ubi
544 1653 626 1724 nihii
644 1680 711 1750 opu
726 1652 786 1726 'sti
805 1650 808 1654 ’

92 1761 159 1829 Cn.
178 1761 287 1853 Atque
301 1760 347 1828 ita
365 1784 449 1853 opus
466 1759 555 1831 facto
570 1775 636 1850 cst,
658 1775 691 1838 et
708 1776 853 1849 mature,
876 1761 956 1834 dum
978 1762 1079 1836 libido
1098 1790 1152 1836 ca·
1212 1801 1220 1806 -

246 1864 322 1934 dem
338 1865 410 1937 haec
427 1879 546 1936 manet.
842 1893 845 1900 ’
1117 1887 1157 1940 7¹⁵

122 2084 598 2158 So.v.1nhacscena‚Demiphonis
641 2091 732 2140 -Ubr'
738 2092 856 2158 nititopu
865 2091 904 2142 ’st.
916 2091 958 2145 Sc.
969 2111 1030 2144 eum
1041 2105 1149 2146 cautum
1221 2099 1224 2106 '

85 2165 260 2222 continentur
269 2167 348 2219 verba
358 2166 536 2237 promittentis
546 2167 598 2220 fra·
641 2185 703 2222 esse.
716 2171 810 2224 Cautio
829 2171 928 2222 scilicet
942 2171 1065 2226 ridicula.
1082 2172 1150 2226 Nam

84 2245 136 2314 tri,
157 2244 248 2297 omnia
267 2263 295 2296 se
314 2245 537 2306 essesacturum,
557 2245 596 2298 uti
639 2248 760 2312 consulit,
769 2249 873 2301 Donauo
881 2249 1043 2313 observante,
1059 2270 1152 2322 quem·

84 2323 213 2380 Phormio
223 2334 331 2396 cogatur
340 2335 367 2376 et
378 2336 517 2395 argentum
527 2324 595 2377 occi·
639 2324 782 2380 admodum
795 2327 889 2391 detur,
904 2329 952 2379 ubi
965 2330 1073 2382 omnino
1086 2329 1149 2384 dare

84 2420 164 2483 pere,
176 2415 202 2456 et
214 2421 327 2456 uxorem
340 2401 448 2456 ducere.
460 2408 538 2472 migr.
638 2423 693 2458 non
706 2407 844 2460 debuerit:
858 2405 990 2481 siquidem
1008 2421 1148 2478 argentum

120 2500 181 2551 71²·
193 2485 261 2534 Dnie.
272 2480 353 2551 Vulg.
364 2484 485 2534 duint.-
495 2485 593 2548 Quietus
638 2483 765 2544 Phaedriae
778 2489 887 2557 jamjam
902 2485 937 2538 sit
951 2485 1086 2552 dandum,
1098 2489 1147 2541 sub

82 2573 145 2612 esto.
162 2559 225 2612 Haec
237 2558 369 2630 Demipho
379 2556 414 2610 ad
427 2558 593 2611 Chremetem
637 2562 744 2614 nomine
757 2563 932 2616 Phormionis.

80 2656 234 2692 conversus.
248 2643 411 2705 -Inqnam
435 2635 501 2688 Inde
520 2648 593 2708 patet
672 2639 732 2710 715.
750 2645 893 2692 Etmature.
906 2640 985 2711 Vuig.
998 2655 1027 2691 at
1038 2655 1143 2696 manera.

79 2735 230 2770 sermonem
249 2717 331 2770 fnisse
351 2717 513 2786 inemptum,
532 2728 592 2769 ante
635 2724 723 2768 -Ita
740 2721 881 2788 oprrsfacto
902 2733 946 2771 est.
965 2720 1031 2773 Le.
1053 2719 1143 2774 danda

101 2817 163 2852 uam
175 2796 310 2868 prodirent
323 2797 352 2848 in
366 2801 588 2863 scenam-Ego.
634 2797 746 2850 omnino
764 2796 820 2849 hec
833 2795 946 2866 pecunia
963 2809 1009 2850 est.
1027 2829 1062 2838 -
1078 2804 1141 2850 Dum

78 2816 250 2941 dronomen,
270 2875 345 2950 quod
367 2875 475 2927 inservit
495 2874 589 2927 fortius
633 2878 723 2936 libido,
741 2886 790 2928 etc.
809 2877 881 2927 Dum
896 2887 995 2948 perstat
1016 2877 1143 2931 Phormio

78 2956 264 3021 asseverando.
275 2985 311 2996 -
329 2959 368 3006 Ne
384 2957 447 3022 quid
458 2957 588 3005 uerborum
632 2953 660 3006 in
673 2955 811 3008 voluntate
824 2953 983 3026 accipiendae
996 2954 1102 3022 Phanfi,
1116 2970 1142 3010 et

77 3041 140 3088 duit.
157 3040 237 3088 Verba
254 3039 330 3097 dare,
345 3035 457 3087 sumitur
475 3033 587 3105 saepius,
631 3033 699 3086 bene
707 3037 828 3086 libidinem
837 3035 939 3104 posuit,
960 3033 997 3086 ait
1011 3035 1079 3088 Don.
1090 3055 1141 3107 pro

75 3134 128 3187 pro
139 3115 369 3182 decipere‚sa11ere.
379 3113 482 3166 Scilicet
491 3125 589 3166 metue·
630 3113 765 3166 voluntate
777 3113 892 3165 hominis
904 3113 997 3166 incerti
1017 3131 1048 3164 ec
1065 3113 1138 3168 levis.

74 3196 123 3248 hat
137 3194 278 3256 Chremes,
292 3211 327 3245 ne
339 3191 466 3254 Phormio
479 3193 525 3244 ubi
540 3210 586 3244 ac·
630 3222 666 3232 --
675 3191 748 3257 Quid
759 3204 848 3245 autern
860 3191 943 3261 magis
954 3191 1085 3242 comicum
1098 3191 1140 3244 in·

74 3273 188 3346 cepisset
212 3271 318 3344 triginta
340 3271 445 3334 minas,
467 3269 586 3323 eluderet
629 3273 716 3324 veniri
731 3283 833 3344 potest,
847 3289 925 3342 quam
939 3270 983 3322 illa
995 3269 1065 3322 senis
1077 3269 1137 3320 diii-

73 3371 165 3417 senes,
175 3371 225 3405 neo
236 3351 368 3404 Phanium
375 3350 493 3404 duceret.
508 3355 583 3404 Wese.
628 3351 715 3420 gentia
722 3351 749 3402 in
757 3348 1140 3421 captandavoluntatenehulo·

111 3431 173 3499 713.
207 3435 268 3483 Hoc.
299 3435 430 3489 Διικτικῶς.
462 3427 585 3480 Ostendit
627 3427 724 3491 nis‚ut
733 3428 776 3481 hic
784 3427 895 3500 accipiat
905 3427 1053 3498 pecuniam,
1062 3426 1136 3498 quasi

73 3509 146 3562 enim
164 3509 327 3581 marsupium
340 3525 401 3561 cum
418 3519 534 3578 argento.
548 3536 584 3546 -
626 3526 682 3560 non
696 3508 753 3580 ipse
766 3519 873 3578 cuperet
885 3506 966 3577 magis
979 3504 1137 3578 subripere?

72 3592 206 3650 Amicam,
221 3587 360 3641 dimittam.
379 3617 414 3628 —
427 3590 491 3654 Quin
502 3607 533 3638 m.
548 3599 582 3636 te-
626 3586 754 3639 Praeterea
771 3605 818 3656 par
837 3585 906 3638 illud
928 3601 1019 3638 senum
1035 3602 1088 3656 prae
1107 3602 1135 3636 se

69 3685 120 3722 stes
134 3671 216 3720 adhib.
237 3680 288 3720 etc.
308 3665 435 3718 Formula
453 3665 582 3718 cantionis
625 3665 874 3737 imprudentiam,
894 3683 974 3737 quam
991 3661 1135 3716 retorridus

69 3745 100 3797 in
114 3745 277 3800 numeranda
290 3743 401 3815 pecunie
417 3742 519 3807 debita,
533 3742 581 3798 ad·
625 3743 684 3808 ille,
699 3744 827 3814 parasitus
836 3743 963 3815 inquam,
977 3741 1132 3795 facetissime

68 3823 167 3876 hihitis
183 3824 315 3888 testibus,
340 3839 462 3894 expressa
489 3839 578 3890 cansa.
624 3822 736 3877 deludit.
745 3824 831 3876 Timet
840 3825 957 3890 alter‚ne
966 3822 1076 3894 pecunia
1085 3821 1132 3873 im·

68 3907 173 3955 Boecler.
621 3902 765 3973 prudenter
775 3903 909 3965 traducum
921 3913 946 3953 et
959 3898 1073 3953 traditur
1083 3901 1131 3951 im·

106 3989 167 4052 7¹4·
188 3984 237 4034 θιιί.
258 3981 323 4034 Var.
342 3983 399 4044 eui,
419 4001 506 4049 quum,
524 4000 576 4032 eur.
620 3978 1131 4052 prudentissimeTimetalter‚nePhor-

66 4091 103 4105 —-
120 4067 253 4136 Ur‘cuutur
266 4075 308 4113 est.
323 4060 409 4127 Quam
422 4072 514 4116 cantus
528 4071 575 4114 est.
620 4060 676 4113 mio
686 4079 740 4114 non
749 4060 1016 4132 accipiatargeutum
1027 4069 1052 4110 et
1061 4057 1134 4124 nihii

898 4152 960 4231 20³
